2698 4492
342 283 426 343 54
899 283 1173 335 ORATIO
1215 285 1356 337 PRO
1400 285 1597 336 LEGE
1639 285 1971 338 mutus.

523 429 562 488 J
565 449 658 489 am
685 427 822 490 vero
849 430 934 488 ita
959 427 1162 486 faciles
1189 427 1379 486 aditus
1420 427 1497 486 ad
1534 447 1668 488 eum
1705 427 2073 505 privatorum,
2102 428 2186 488 ita
2218 429 2415 490 hberae

443 509 816 584 querimonia
855 509 930 568 de
977 507 1220 565 aliorum
1265 507 1510 583 injuriis,
1546 526 1675 566 esse
1720 507 2025 577 dicuntum
2086 517 2151 565 ut
2204 510 2273 580 is,
2315 508 2415 584 qui

443 587 726 664 dignitate
744 585 1100 664 principibus
1126 585 1377 655 excellit,
1406 585 1683 644 facilitate
1720 605 1822 662 par
1850 585 2063 644 infimis
2096 605 2223 646 esse
2262 588 2417 646 vide-

446 675 590 724 atur.
673 665 710 724 J
715 683 828 737 am,
853 660 1135 741 quantum
1181 664 1441 735 oonsilio,
1468 661 1748 739 quantum
1790 663 2025 722 dicendi
2052 666 2331 742 gravitate
2356 675 2417 724 et

379 746 417 800 5
445 743 611 820 eopia
637 745 844 816 valeat,
875 743 964 820 (in
991 761 1104 818 quo
1129 742 1252 818 ipso
1277 742 1429 800 inest
1454 743 1716 817 quasdam
1742 743 1995 838 dignitas
2021 743 2413 841 imperatoria)

444 841 562 894 vos,
587 821 873 894 Quirites,
902 823 1012 880 hoe
1039 821 1162 896 ipso
1187 820 1248 878 in
1273 820 1403 880 loeo
1446 839 1595 898 saepe
1640 821 1949 897 cognostis.
2030 821 2239 880 Fidem
2276 842 2415 881 vero

444 900 570 977 ejus
617 901 766 960 inter
817 901 1003 960 socios
1046 909 1320 976 quantam
1366 899 1681 958 existimari
1726 899 1959 975 putatis,
2006 918 2179 975 quam
2225 902 2417 960 hostes

443 980 702 1038 omnium
728 979 987 1058 gentium
1014 977 1437 1036 sanctissimam
1458 977 1817 1054 judicarint?
1892 978 2272 1036 Humanitate
2292 980 2417 1056 jam

444 1058 606 1116 tanta
634 1067 742 1130 est,
769 1069 834 1117 ut
879 1057 1116 1116 difficile
1161 1056 1322 1114 dictu
1366 1057 1460 1127 sit,
1488 1052 1683 1113 utrum
1710 1056 1901 1114 hostes
1934 1057 2121 1146 magis
2146 1058 2417 1116 virtutem

348 1135 418 1190 10
445 1137 569 1212 ejus
593 1147 918 1214 pugnantes
943 1135 1258 1206 timuerint,
1289 1153 1365 1192 an
1390 1134 1895 1192 mansuetudinem
1922 1134 2061 1193 vieti
2088 1135 2412 1195 dilexerint.

447 1215 524 1273 Et
567 1216 868 1292 quisquam
913 1213 1220 1284 dubitabit,
1245 1213 1388 1289 quin
1429 1213 1569 1270 huie
1608 1222 1833 1270 tantum
1880 1212 2094 1271 bellum
2130 1216 2419 1273 transmit-

445 1293 684 1352 tendum
713 1295 806 1364 sit,
833 1293 952 1368 qui,
983 1292 1054 1349 ad
1081 1291 1276 1349 omnia
1300 1299 1509 1349 nostra
1534 1292 1825 1349 memorias
1853 1290 2005 1348 bella
2030 1292 2415 1360 conficienda,

447 1371 640 1428 divino
659 1372 905 1447 quodam
932 1369 1174 1428 oonsilio
1199 1378 1369 1428 natus
1394 1388 1523 1427 esse
1550 1369 1847 1429 videatur?

525 1448 662 1507 XV.
745 1449 841 1520 Et,
883 1449 1152 1524 quoniam
1200 1447 1510 1506 auotoritas
1556 1445 1802 1506 multum
1854 1447 1915 1506 in
1967 1447 2135 1507 bellis
2188 1469 2415 1526 quoque

349 1525 420 1580 15
449 1527 916 1588 administrandis
958 1537 1128 1603 atque
1169 1526 1411 1602 irnperio
1448 1526 1685 1584 militari
1736 1526 1919 1596 valet3
1980 1526 2141 1586 certe
2193 1529 2413 1588 nemini

447 1604 688 1664 dubium
705 1616 810 1678 est,
839 1605 978 1682 quin
1005 1606 1076 1664 ea
1104 1624 1168 1664 re
1195 1605 1348 1664 idem
1390 1604 1488 1663 ille
1528 1605 1833 1681 imperator
1872 1606 2181 1682 plurimum
2218 1608 2411 1683 possit.

446 1684 835 1770 Vehementer
878 1694 1072 1743 autem
1109 1684 1399 1760 pertinere
1438 1683 1510 1742 ad
1557 1684 1710 1742 bella
1763 1684 2235 1757 administranda,
2275 1687 2411 1762 quid

446 1763 655 1836 hostes,
683 1765 823 1840 quid
864 1764 1027 1835 socii,
1055 1764 1129 1822 de
1176 1762 1611 1840 imperatoribus
1655 1760 1859 1820 vestris
1904 1763 2249 1836 existiment,
2284 1766 2415 1841 quis

447 1841 692 1919 ignorat,
721 1841 858 1902 eum
903 1843 1176 1914 sciamus,
1205 1842 1467 1900 homines
1514 1840 1574 1898 in
1620 1841 1797 1898 tantis
1842 1842 2034 1912 rebus,
2062 1852 2128 1900 ut
2156 1852 2255 1900 aut
2280 1863 2415 1902 eon-

345 1919 418 1976 20
445 1931 724 1992 temnant,
755 1931 855 1980 aut
891 1931 1170 1991 metuant,
1200 1930 1298 1978 aut
1335 1919 1583 1990 oderint,
1613 1929 1713 1977 aut
1752 1929 1964 1992 ament,
1990 1920 2259 1998 opinione
2296 1941 2411 1980 non

446 1997 640 2056 minus
666 2000 853 2070 famoe,
879 1997 1054 2075 quam
1083 1999 1273 2074 aliqua
1301 1999 1462 2056 certa
1497 1999 1737 2069 ratione,
1766 2000 2154 2059 commoveri?
2232 1999 2410 2062 Quod

447 2076 622 2152 igitur
661 2097 872 2136 nomen
911 2096 1164 2152 unquam
1205 2077 1265 2135 in
1305 2077 1445 2134 orbe
1482 2086 1764 2134 terrarum
1804 2077 2018 2136 elarius
2059 2077 2205 2136 suit‘l
2246 2079 2412 2154 eujus

447 2173 538 2212 res
565 2165 740 2232 gestae
767 2157 974 2232 pares'l
1015 2156 1087 2213 de
1113 2175 1228 2231 quo
1253 2155 1505 2226 homine,
1534 2174 1631 2213 vos
1661 2155 1769 2231 (id,
1796 2156 1947 2232 quod
1980 2155 2229 2215 maxime
2272 2157 2412 2216 facit

447 2234 874 2316 auctoritatem)
905 2243 1068 2293 tanta
1091 2244 1151 2293 et
1169 2243 1288 2293 tam
1313 2234 1609 2311 praeclara·
1612 2233 1835 2310 judicia
1862 2234 2123 2295 fecistis?

341 2314 416 2371 25
523 2312 622 2371 An
649 2312 784 2373 vero
827 2314 1002 2373 ullam
1043 2332 1284 2390 usquam
1331 2332 1459 2372 esse
1502 2331 1661 2371 oram
1706 2322 1825 2371 tam
1871 2314 2154 2373 desertam
2178 2316 2409 2392 putatis,

443 2390 556 2467 qud
584 2412 699 2452 non
732 2394 884 2451 illius
930 2393 1046 2451 diei
1094 2393 1248 2451 fama
1289 2392 1620 2470 pervaserit,
1648 2389 1785 2450 oiim
1831 2393 2131 2452 universus
2173 2394 2412 2471 populus

443 2469 764 2544 Romanus,
793 2472 1001 2531 referto
1037 2472 1175 2543 for0,
1201 2472 1544 2549 repletisque
1588 2472 1855 2529 omnibus
1900 2473 2146 2549 templiS,
2174 2493 2245 2531 ex
2286 2474 2412 2548 qui-

442 2549 550 2607 bus
578 2552 675 2609 hie
701 2552 862 2610 loeus
889 2550 1144 2627 oonspiei
1168 2560 1373 2626 potest,
1390 2570 1569 2607 unum
1590 2550 1699 2607 sibi
1724 2550 1795 2607 ad
1824 2569 2129 2609 eommune
2154 2552 2410 2609 omnium

443 2630 701 2703 gentium
754 2630 967 2687 bellum
1007 2629 1132 2686 Cn.
1182 2629 1515 2704 Pompeium
1584 2628 1981 2703 imperatorem
2042 2630 2369 2707 depoposcit
2382 2632 2408 2688 ’ἱ

340 2706 414 2763 80
443 2704 666 2781 Itaque,
695 2718 760 2765 ut
783 2708 948 2783 plura
973 2726 1088 2765 non
1117 2707 1329 2777 dicam,
1378 2725 1563 2782 neque
1612 2706 1850 2764 aliorum
1896 2708 2170 2785 exemplis
2209 2709 2412 2767 oonlir-

442 2802 616 2854 mem,
659 2784 938 2860 quantum
995 2784 1304 2843 auctoritas
1355 2785 1543 2842 valeat
1585 2784 1645 2842 in
1696 2785 1875 2855 bello;
1919 2786 1993 2842 ab
2046 2788 2249 2846 eodem
2295 2788 2405 2845 Cn.

440 2860 713 2938 Pompeio
737 2863 992 2921 omnium
1020 2880 1211 2920 rerum
1239 2863 1600 2939 egregiarum
1642 2863 1902 2939 exempla
1940 2877 2269 2923 sumantur:
2310 2866 2409 2941 qui

440 2959 554 3014 quo
592 2940 688 2999 die
730 2961 764 2999 a
810 2942 968 2999 vobis
1013 2941 1301 3001 maritimo
1354 2942 1505 3001 bello
1560 2943 1893 3019 praepositus
1944 2953 2033 3001 est
2083 2943 2409 3020 imperator,

440 3028 602 3076 tanta
636 3019 870 3097 repente
913 3020 1101 3078 vilitas
1143 3038 1405 3092 annonae,
1460 3040 1532 3079 ex
1570 3020 1795 3078 summa
1835 3021 2028 3097 inopia
2069 3032 2127 3080 et
2167 3022 2409 3081 caritate

336 3095 410 3152 85
439 3098 526 3155 rei
554 3098 961 3170 flumentariae,
996 3109 1308 3157 consecuta
1349 3109 1456 3170 est,
1484 3100 1657 3157 unius
1702 3118 1801 3175 spe
1846 3110 1906 3157 et
1950 3101 2203 3172 nomine,
2231 3120 2411 3176 quan-

438 3187 557 3234 tam
585 3177 679 3236 vix
719 3197 792 3236 ex
833 3178 1057 3236 summa
1099 3178 1361 3236 ubertate
1410 3196 1675 3255 agrorum
1717 3176 1991 3237 diuturna
2025 3198 2139 3256 pax
2176 3180 2413 3239 efficere

435 3256 725 3333 potuisset.

515 3334 554 3393 J
558 3341 676 3407 am,
713 3335 953 3413 accepta
998 3335 1060 3394 in
1104 3335 1288 3394 Ponto
1327 3333 1675 3405 calamitate,
1717 3353 1789 3393 ex
1828 3353 1899 3394 eo
1934 3336 2153 3412 proelio,
2182 3337 2255 3395 de
2293 3356 2409 3414 quo

436 3432 535 3472 vos
573 3414 745 3491 paulo
789 3414 921 3473 ante
964 3415 1177 3473 invitus
1235 3414 1527 3485 admonui,
1569 3410 1704 3471 oiim
1758 3414 1901 3472 socii
1955 3415 2406 3491 pertimuissent,

335 3484 406 3541 40
436 3493 683 3550 hostium
734 3514 870 3570 opes
911 3494 1200 3569 animique
1240 3493 1573 3564 crevissent,
1620 3490 1759 3550 satis
1796 3493 2023 3551 firmum
2075 3495 2406 3571 praesidium

433 3570 728 3645 provincia
754 3592 866 3630 non
894 3574 1168 3642 haberet3
1214 3571 1547 3629 amisissetis
1591 3570 1815 3642 Asiam,
1840 3570 2126 3644 Quirites,
2154 3573 2287 3645 nisi,
2332 3575 2407 3632 ad

435 3648 494 3705 id
523 3648 706 3723 ipsum
745 3651 1032 3725 temporis,
1057 3650 1333 3707 divinitus
1373 3649 1484 3707 Cn.
1511 3648 1847 3724 Pompeium
1890 3650 1962 3707 ad
2002 3670 2102 3709 eas
2140 3652 2407 3729 regiones

436 3725 660 3784 fortuna
687 3728 876 3803 populi
905 3728 1158 3786 Romani
1199 3728 1497 3785 attulisset.
1581 3727 1773 3803 Hujus
1813 3728 2090 3787 adventus
2128 3741 2188 3788 et
2227 3730 2408 3789 Mith-

435 3804 678 3865 ridatem
707 3805 932 3862 insolita
955 3805 1373 3864 inflammatum
1392 3804 1631 3864 victoria
1653 3805 1955 3878 continuit,
1974 3818 2032 3865 et
2058 3807 2404 3887 Tigranem,
