2698 4492
324 291 407 350 66
896 288 1173 341 ORATIO
1214 289 1357 340 PRO
1401 290 1478 340 M.
1521 289 1938 340 MARCELLO.

422 450 523 490 um
548 431 759 510 vagina
796 451 1044 492 vacuum
1092 431 1153 491 in
1196 432 1356 492 Urbe
1397 451 1514 490 non
1557 432 1822 492 vidimus.
1901 431 2074 495 Quos
2103 432 2424 494 amisimus

424 510 600 582 cives,
626 530 727 568 eos
755 510 963 570 Martis
990 512 1075 568 vis
1120 512 1389 588 perculit,
1417 531 1534 570 non
1577 512 1664 570 ira
1691 511 1985 582 victoriae3
2029 523 2095 570 ut
2135 513 2420 572 dubitare

424 589 633 646 debeat
660 609 849 660 nemo,
872 591 1011 666 quin
1040 591 1267 661 multos,
1290 591 1340 648 si
1369 590 1492 648 fieri
1517 600 1730 666 posset,
1759 591 1830 648 C.
1859 591 2058 648 Caesar
2099 591 2172 647 ab
2201 591 2420 650 inferis

424 668 729 738 excitaret3
769 670 1041 743 quoniam
1094 688 1168 728 ex
1218 670 1424 727 eidem
1479 670 1606 726 acie
1645 679 1968 740 conservat,
2010 688 2154 745 quos
2195 681 2414 745 potest.

360 751 397 804 5
426 746 683 804 Alterius
728 745 863 822 vero
910 747 1110 824 partis,
1152 747 1297 805 nihil
1348 747 1594 824 amplius
1637 747 1852 817 dicam,
1899 745 2070 822 quam
2105 747 2214 824 (id,
2243 750 2412 824 quod

422 843 625 882 omnes
650 826 1015 904 verebamur)
1045 826 1219 884 nimis
1244 825 1584 885 iracundam
1613 826 1863 884 suturam
1885 827 2060 884 fuisse
2081 827 2411 886 victoriam.

422 901 685 965 Quidam
712 903 889 974 enim,
918 923 1033 962 non
1078 903 1249 962 modo
1296 905 1550 975 armatis,
1597 905 1700 962 sed
1749 904 2038 963 interdum
2085 905 2262 962 etiam
2289 906 2414 963 oti-

422 981 559 1054 osis,
586 982 953 1040 minabantur
978 1002 993 1040 ι
1034 1001 1166 1054 nec,
1194 983 1333 1059 quid
1355 983 1592 1058 quisque
1613 983 1908 1054 sensisset,
1931 983 2032 1040 sed
2051 982 2149 1040 ubi
2175 983 2410 1055 fuisset,

426 1062 799 1138 cogitandum
840 1079 968 1120 esse
1011 1061 1319 1131 dicebant3
1363 1073 1428 1118 ut
1475 1061 1617 1119 mihi
1657 1062 1893 1138 quidem
1945 1061 2248 1118 videantur
2292 1061 2412 1120 Dii

328 1142 397 1196 10
426 1140 795 1212 immortales,
844 1140 1045 1216 (etiam
1088 1140 1137 1197 si
1182 1159 1384 1215 poenas
1413 1159 1447 1196 a
1490 1140 1702 1216 populo
1744 1140 2016 1198 Romano
2041 1140 2116 1197 ob
2165 1139 2412 1215 aliquod

426 1219 702 1278 delictum
728 1219 1144 1294 expetiverunt,
1172 1219 1270 1293 qui
1312 1218 1484 1276 civile
1532 1218 1746 1276 bellum
1791 1229 2016 1276 tantum
2043 1229 2102 1275 et
2127 1227 2245 1274 tam
2275 1219 2412 1277 luc-

426 1307 654 1354 tuosum
681 1297 1088 1375 excitaverint)
1143 1297 1232 1354 vel
1278 1296 1490 1373 placati
1514 1296 1655 1373 jam,
1699 1297 1788 1354 vel
1831 1297 2024 1354 satiati
2065 1297 2408 1371 aliquando,

426 1393 656 1509 omnerln
694 1393 855 1450 spem
896 1375 1097 1433 salutis
1150 1375 1224 1434 ad
1270 1376 1638 1434 clementiam
1687 1375 1924 1433 victoris
1965 1386 2024 1434 et
2051 1375 2406 1452 sapientiam

427 1463 605 1510 contu
628 1471 757 1510 isse.
2177 1461 2182 1467 '

330 1535 399 1592 15
502 1529 707 1592 Quare
734 1531 923 1608 gaude
950 1542 1050 1590 tuo
1078 1531 1187 1590 isto
1212 1545 1327 1591 tam
1357 1531 1664 1592 excellenti
1691 1532 1878 1602 bon03
1919 1542 1982 1591 et
2021 1531 2229 1603 fruere,
2259 1528 2406 1590 cum

428 1608 655 1668 fortuna
676 1622 735 1667 et
759 1609 961 1687 gloria,
990 1620 1111 1668 tum
1139 1611 1313 1668 etiam
1342 1611 1549 1669 natura
1591 1622 1649 1670 et
1689 1611 1942 1668 moribus
1969 1611 2121 1682 tuis3
2161 1630 2236 1668 ex
2279 1630 2404 1686 quo

426 1688 659 1764 quidem
686 1689 969 1748 maximus
990 1700 1078 1747 est
1104 1689 1325 1749 fructus
1346 1690 1796 1766 jucunditasque
1821 1689 2084 1765 sapienti.
2167 1689 2406 1748 Caetera

424 1765 564 1826 cum
592 1778 692 1826 tua
717 1769 1114 1840 recordabere,
1140 1769 1251 1826 etsi
1288 1788 1544 1846 persepe
1585 1768 1799 1840 virtuti,
1827 1778 2021 1824 tamen
2060 1767 2408 1844 plerumque

428 1846 710 1918 felicitati,
738 1857 852 1906 tuoe
899 1847 1392 1924 congratulabere.
1475 1847 1568 1906 De
1615 1848 1802 1918 nobis,
1827 1865 1971 1922 quos
2013 1846 2072 1904 in
2099 1847 2407 1922 republica

328 1936 403 1990 20
428 1934 622 1982 tecum
649 1926 818 1984 simul
860 1925 1045 1984 salvos
1070 1945 1199 1984 esse
1238 1925 1489 1996 voluisti,
1517 1925 1742 2002 quoties
1781 1925 2083 2000 cogitabis,
2113 1925 2282 1983 toties
2323 1925 2402 1983 de

428 2003 693 2060 maximis
708 2004 825 2061 tuis
841 2004 1159 2075 beneficiis,
1176 2004 1345 2062 toties
1371 2004 1445 2062 de
1472 2004 1798 2062 incredibili
1839 2003 2201 2074 liberalitate,
2230 2004 2406 2062 toties

330 2152 339 2162 ·
429 2080 503 2137 de
528 2081 807 2156 singulari
834 2081 1117 2157 sapientia
1142 2083 1263 2153 tua,
1287 2082 1603 2160 cogitabis:
1645 2101 1774 2159 quae
1799 2101 1918 2140 non
1966 2081 2140 2140 modo
2169 2101 2402 2140 summa

428 2158 599 2230 bona,
654 2159 755 2218 sed
809 2159 1081 2218 nimirum
1136 2162 1362 2219 audebo
1405 2161 1492 2219 vel
1547 2161 1668 2220 sola
1713 2162 1929 2219 dicere.
2028 2160 2262 2218 Tantus
2313 2169 2404 2218 est

428 2237 583 2296 enim
612 2237 879 2314 splendor
906 2238 967 2297 in
996 2239 1167 2298 laude
1195 2240 1349 2310 vera,
1377 2251 1539 2299 tanta
1581 2240 1640 2298 in
1689 2239 2085 2317 magnitudine
2125 2239 2304 2297 animi
2342 2249 2402 2297 et

328 2328 402 2385 25
431 2318 657 2377 consilii
684 2317 956 2395 dignitas,
986 2328 1049 2377 ut
1085 2319 1214 2377 haec
1242 2338 1277 2377 a
1302 2320 1511 2377 virtute
1552 2320 1784 2392 donata,
1835 2330 2046 2379 caetera
2091 2338 2124 2376 a
2171 2317 2401 2376 fortuni

430 2398 795 2465 commodata
818 2417 946 2455 esse
974 2398 1294 2456 videantur.
1377 2397 1517 2456 Noli
1559 2398 1730 2475 igitur
1760 2398 1818 2455 in
1849 2397 2263 2455 conservandis
2304 2397 2400 2455 bo-

429 2476 541 2535 nis·
562 2477 696 2534 viris
737 2476 1058 2554 defatigari,
1107 2496 1223 2535 non
1266 2477 1584 2553 cupiditate
1623 2476 1935 2553 praesertim
1979 2486 2077 2535 aut
2121 2476 2402 2551 pravitate

432 2555 623 2631 aliqua
662 2556 857 2632 lapsis,
886 2556 989 2613 sed
1030 2556 1302 2633 opinione
1348 2554 1550 2618 officii,
1578 2554 1754 2614 stulta
1794 2555 2053 2625 sortasse,
2081 2552 2241 2611 certe
2283 2572 2398 2611 non

430 2632 710 2709 improba,
739 2645 797 2691 et
822 2634 1017 2709 specie
1042 2634 1293 2710 quadam
1334 2633 1686 2709 reipublicae.
1769 2632 1906 2690 Non
1947 2634 2102 2690 enim
2143 2643 2244 2689 tua
2285 2632 2403 2690 ulla

332 2724 405 2779 3ο
434 2711 604 2787 culpa
644 2722 751 2780 est,
796 2712 844 2768 si
891 2722 949 2769 te
996 2712 1169 2787 aliqui
1222 2712 1574 2770 timuerunt:
1617 2710 1952 2787 contraque,
1991 2730 2216 2769 summa
2255 2711 2400 2781 laus,

432 2787 584 2865 quod
614 2789 869 2863 plerique
898 2790 1136 2847 minime
1167 2790 1488 2848 timendum
1517 2790 1692 2849 fuisse
1719 2800 2042 2848 senserunt.

514 2865 655 2923 VII.
700 2865 879 2923 Nunc
924 2867 1061 2926 vero
1108 2869 1275 2935 venio
1303 2870 1376 2926 ad
1404 2869 1800 2946 gravissimam
1827 2869 2140 2944 querelam,
2167 2877 2228 2925 et
2255 2878 2406 2926 atro-

434 2944 725 3003 cissimam
754 2944 1140 3021 suspicionem
1170 2957 1364 3017 tuam;
1405 2968 1532 3023 quae
1560 2968 1676 3006 non
1693 2947 1800 3005 tibi
1825 2948 1936 3023 ipsi
1975 2946 2178 3022 magis,
2206 2945 2402 3021 quam,

434 3020 571 3081 cum
592 3023 862 3081 omnibus
890 3024 1133 3096 civibus,
1161 3035 1283 3084 tum
1312 3025 1565 3084 maxime
1589 3026 1776 3097 nobis,
1797 3026 1898 3101 qui
1927 3045 1962 3083 a
1987 3035 2046 3083 te
2079 3024 2404 3082 conservati

333 3116 407 3173 35
434 3122 653 3175 sumus,
680 3102 1035 3179 providenda
1070 3115 1191 3162 est:
1232 3124 1406 3180 quam
1459 3105 1570 3164 etsi
1621 3124 1787 3181 spero
1829 3123 1958 3162 esse
2005 3104 2226 3172 salsam,
2257 3121 2404 3161 nun-

432 3202 605 3259 quam
659 3192 852 3239 tamen
903 3182 1094 3240 verbis
1136 3184 1480 3242 extenuabo.
1580 3184 1718 3242 Tua
1767 3183 1925 3241 enim
1973 3182 2170 3240 cautio
2209 3193 2406 3239 nostra

433 3262 627 3322 cautio
652 3270 774 3331 est3
818 3271 902 3333 ut,
930 3260 981 3319 si
1025 3260 1084 3318 in
1135 3262 1408 3320 alterutro
1449 3262 1816 3338 peccandum
1863 3262 1956 3331 sit,
1985 3261 2181 3318 malim
2223 3260 2403 3317 videri

432 3342 605 3401 nimis
631 3342 888 3412 timidus,
916 3337 1089 3417 quam
1118 3358 1319 3417 parum
1366 3340 1640 3417 prudens.
1723 3341 1842 3399 Sed
1885 3340 2150 3416 quisnam
2177 3349 2268 3396 est
2297 3339 2404 3396 iste

431 3431 548 3479 tam
577 3422 857 3479 demens?
898 3421 973 3479 de
1000 3418 1235 3477 tuisne'l
1276 3418 1504 3477 tametsi
1551 3420 1648 3495 qui
1692 3420 1876 3496 magis
1922 3430 2058 3475 sunt
2097 3416 2202 3487 tui,
2230 3416 2404 3492 quam

334 3498 405 3553 40
432 3498 641 3574 quibus
668 3510 731 3557 tu
757 3499 1001 3558 salutem
1044 3498 1471 3574 insperantibus
1509 3498 1850 3557 reddidisti'l
1893 3516 1966 3553 an
2007 3514 2081 3553 ex
2108 3514 2178 3553 eo
2207 3514 2406 3553 nume·-

433 3596 517 3646 ro,
544 3578 643 3651 qui
689 3578 807 3635 una
854 3591 1046 3637 tecum
1092 3577 1370 3635 fuerunt?
1451 3575 1588 3635 Non
1639 3587 1727 3635 est
1767 3574 2061 3634 credibilis
2107 3584 2304 3632 tantus
2343 3574 2402 3630 in

434 3654 551 3711 ullo
596 3654 769 3725 furor,
800 3665 882 3726 ut,
926 3674 1041 3731 quo
1083 3655 1234 3713 duce
1276 3654 1475 3713 omnia
1515 3673 1743 3712 summa
1785 3654 1860 3711 sit
1911 3653 2175 3728 adeptuS,
2232 3652 2404 3727 hujus

434 3733 609 3789 vitam
638 3751 753 3789 non
784 3743 1097 3808 anteponat
1122 3752 1259 3791 suae.
1345 3731 1504 3822 [At,]
1535 3733 1586 3791 si
1598 3734 1683 3791 tui
1707 3733 1850 3791 nihil
1873 3731 2132 3807 cogitant
2149 3730 2402 3799 sceleris,

436 3811 759 3869 cavendum
806 3820 914 3882 est,
966 3829 1043 3867 ne
1094 3812 1232 3886 quid
1282 3812 1522 3871 inimici.
1604 3812 1772 3875 Qui?
1811 3828 2016 3871 omnes
2067 3808 2251 3881 enim,
2304 3808 2402 3884 qui
