2698 4492
742 295 1016 346 omino
1061 297 1200 346 rao
1243 296 1443 346 REGE
1490 294 1881 346 nmo'rARO.
2091 264 2101 270 ’
2318 293 2401 356 85

399 441 482 498 At
521 439 678 498 misit
721 441 793 498 ad
835 439 1160 511 Caecilium,
1190 439 1391 498 nescio
1426 459 1631 515 quem:
1674 440 1775 497 sed
1804 459 1923 510 eos,
1952 459 2095 516 quos
2124 437 2298 510 misit,

319 517 474 594 quod
517 519 598 576 ire
641 520 969 590 noluerunt,
999 521 1059 576 in
1089 520 1323 578 vincula
1364 520 1631 594 conjecit.
1716 519 1853 576 Non
1882 537 2093 593 quaero,
2122 516 2297 593 quam

321 599 629 655 verisimile
671 598 764 669 sit,
795 609 895 654 aut
937 617 1052 655 non
1096 598 1367 654 habuisse
1420 617 1637 674 regern,
1680 618 1822 675 quos
1864 599 2146 666 mitteret;
2203 605 2301 654 aut

321 696 442 747 eOS,
483 696 626 751 quos
667 677 935 747 misisset,
979 696 1094 734 non
1136 677 1426 752 paruisse;
1488 689 1604 747 aut,
1646 677 1745 753 qui
1786 677 1943 734 dicto
2000 677 2302 733 audientes

324 755 384 812 in
427 756 590 812 tanta
633 775 694 812 re
739 775 855 814 non
900 755 1160 825 fuissent,
1203 774 1302 812 eos
1349 755 1573 812 vinctos
1614 753 1805 831 potius
1846 753 2017 831 quam
2064 765 2303 812 necatos
2364 759 2433 820 5,

326 834 517 891 fuisse.
603 835 722 890 Sed
763 844 958 891 tarnen
1001 831 1138 891 cum
1181 833 1251 890 ad
1295 834 1599 891 Caecilium
1636 835 1914 904 mittebat,
1946 831 2137 891 utrum
2166 851 2303 890 cau-

324 931 448 970 sam
491 912 650 970 illam
690 913 902 970 victam
943 932 1070 970 esse
1114 913 1432 982 nesciebat,
1464 931 1536 968 an
1580 913 1883 974 Caecilium
1926 913 2101 970 istum
2143 931 2301 988 mag-

325 1011 465 1048 num
508 991 800 1049 hominem
842 992 1119 1068 putabat?
1160 1011 1330 1067 quem
1371 989 1631 1066 profecto
1674 991 1741 1061 is,
1780 991 1877 1066 qui
1916 989 2131 1067 optime
2176 1010 2303 1047 nos-

324 1080 442 1127 tros
484 1071 747 1127 homines
789 1071 965 1139 novit,
1008 1071 1095 1126 vel
1138 1071 1273 1145 quia
1326 1069 1541 1140 nosset,
1584 1071 1673 1126 vel
1727 1071 1862 1144 quia
1913 1089 2029 1127 non
2084 1068 2300 1139 nosset,

327 1159 740 1206 contemneret.
824 1149 1072 1206 Addidit
1131 1149 1302 1205 etiam
1368 1148 1526 1219 iliud,
1594 1148 1815 1224 equites
1874 1167 1991 1206 non
2057 1148 2302 1223 optimos
2334 1145 2402 1198 10

325 1227 586 1285 misisse:
623 1237 869 1302 yetereS,
919 1228 1112 1298 cred0,
1158 1228 1387 1297 Caesar3
1446 1227 1590 1284 nihil
1633 1228 1702 1284 ad
1746 1237 1909 1284 tuum
1945 1227 2299 1302 equitatum:

327 1306 428 1362 sed
457 1306 614 1363 misit
633 1325 706 1363 ex
733 1306 823 1378 iis,
851 1326 993 1382 quos
1023 1306 1240 1378 habuit,
1265 1307 1497 1363 electos·
1580 1306 1685 1363 Ait
1712 1307 1910 1363 nescio
1937 1325 2106 1381 quem
2134 1325 2207 1362 ex
2232 1324 2303 1364 eo
2357 1305 2392 1393 ,ᾖ
2420 1355 2427 1360 .

328 1403 567 1442 numero
585 1404 808 1442 servum
828 1386 1169 1460 judicatum.
1233 1384 1370 1442 Non
1392 1386 1663 1443 arbitror:
1707 1405 1823 1442 non
1848 1385 2072 1442 audivi:
2116 1384 2217 1441 sed
2242 1384 2301 1440 in

327 1481 416 1534 e0,
447 1463 623 1520 etiam
652 1463 702 1520 si
731 1464 1059 1534 accidisset,
1089 1464 1317 1539 culpam
1347 1464 1501 1540 regis
1529 1465 1743 1522 nullam
1775 1464 1949 1521 fuisse
1980 1464 2299 1520 arbitrarer.

408 1541 520 1599 IX.
591 1542 804 1600 Alieno
847 1553 1039 1599 autem
1069 1561 1102 1600 a
1138 1553 1194 1599 te
1235 1543 1429 1599 animo
1461 1543 1581 1600 fuit.
1664 1543 2016 1604 Quomodo?
2098 1543 2305 1617 Spera·
2334 1545 2403 1598 15

332 1619 433 1690 vit,
465 1619 694 1700 (credo)
724 1621 990 1682 difficiles
1031 1621 1135 1678 tibi
1179 1621 1551 1678 Alexandriae
1580 1622 1699 1679 fore
1727 1621 1934 1691 exituS,
1962 1631 2189 1696 propter
2217 1639 2305 1676 re-

333 1699 520 1774 gionis
559 1710 820 1757 naturam
860 1711 920 1758 et
961 1699 1230 1758 fluminis,
1314 1702 1399 1757 At
1437 1720 1507 1758 eo
1549 1701 1671 1776 ipso
1710 1710 1964 1776 tempore
1991 1699 2303 1774 pecuniam

334 1776 526 1844 dedit;
569 1779 884 1836 exercitum
928 1780 1102 1836 aluit:
1145 1779 1221 1850 ei,
1249 1799 1421 1854 quem
1465 1780 1623 1837 Asiae
1663 1780 2024 1855 praefeceraS,
2054 1777 2212 1834 nulla
2243 1777 2303 1834 in

334 1873 396 1912 re
425 1856 638 1913 defuit:
681 1857 786 1914 tibi
813 1858 1036 1928 victori,
1068 1877 1184 1915 non
1225 1856 1412 1916 solum
1456 1860 1527 1915 ad
1572 1858 1899 1932 hospitium,
1930 1858 2030 1914 sed
2061 1856 2131 1912 ad
2160 1855 2305 1932 peri-

334 1935 528 1992 culum
557 1935 751 2007 etiam,
783 1947 952 2014 atque
981 1938 1054 1995 ad
1085 1937 1291 2008 aciem,
1319 1935 1527 2012 praesto
1558 1937 1679 1995 fuit.
1766 1938 2042 1994 Secutum
2072 1945 2161 1992 est
2187 1935 2305 1992 bel-
2331 1934 2407 1988 20

331 2013 449 2070 lum
493 2015 854 2072 Africanum.
937 2017 1158 2074 Graves
1209 2018 1281 2074 de
1322 2028 1379 2074 te
1421 2035 1678 2074 rumores
1718 2015 1936 2092 sparsi;
1979 2015 2090 2092 ‘qui
2130 2014 2305 2072 etiam

333 2092 608 2150 furiosum
652 2094 813 2151 iilum
854 2095 1158 2153 Caecilium
1209 2097 1622 2154 excitaverunt.
1704 2096 1845 2157 Quo
1892 2111 2015 2152 tum
2062 2113 2202 2170 erga
2247 2105 2307 2151 te

331 2191 433 2229 rex
476 2172 669 2230 animo
711 2173 860 2231 fuit?
901 2173 1002 2251 qui
1045 2175 1413 2232 auctionatus
1454 2175 1546 2246 sit,
1577 2195 1815 2251 seseque
1844 2173 2161 2249 exspoliare
2192 2191 2309 2230 ma-

333 2250 520 2322 luerit,
550 2250 724 2326 quam
753 2254 858 2311 tibi
883 2254 1192 2330 pecuniam
1223 2274 1338 2313 non
1368 2256 1789 2312 subministare.
1875 2256 1957 2311 At
1984 2272 2072 2323 e0,
2104 2253 2307 2327 inquit,

333 2340 588 2405 tempore
633 2331 755 2407 ipso
798 2332 1064 2390 Nicaeam
1108 2333 1516 2410 Ephesumque
1566 2334 1847 2402 mittebat,
1899 2332 1998 2406 qui
2052 2350 2309 2388 rumores
2334 2336 2407 2390 25

335 2410 646 2467 Africanos
687 2411 1044 2486 exciperent,
1073 2423 1132 2470 et
1171 2412 1434 2469 celeriter
1484 2413 1556 2470 ad
1610 2431 1673 2469 se
1725 2411 2020 2469 referrent.
2104 2408 2309 2484 Itaque

335 2485 472 2545 cum
514 2499 666 2546 esset
705 2489 761 2545 ei
804 2492 1164 2561 nunciatum,
1193 2490 1514 2550 Domitium
1542 2490 1844 2566 naufragio
1869 2488 2129 2564 periisse,
2156 2498 2214 2545 te
2244 2488 2304 2545 in

335 2568 573 2625 castello
619 2568 1059 2640 circumsideri3
1132 2570 1206 2627 de
1260 2570 1516 2628 Domitio
1558 2569 1703 2626 dixit
1756 2586 1984 2635 versum
2038 2566 2312 2625 Graecum

335 2646 540 2703 eadem
569 2648 878 2721 sententia,
907 2648 1022 2723 qua
1049 2649 1224 2706 etiam
1253 2669 1359 2706 nos
1388 2650 1669 2706 habemus
1695 2647 2005 2705 Latinum:

647 2781 680 2808 “
697 2778 911 2827 Pereant
931 2780 1097 2842 amici,
1119 2780 1242 2829 dum
1263 2782 1366 2830 una
1388 2780 1581 2829 inimici
1601 2779 1903 2829 intercidant
1918 2777 1969 2825 .''
2338 2772 2413 2827 30

335 2882 487 2958 quod
529 2883 643 2954 ille,
673 2883 721 2941 si
763 2895 916 2941 esset
957 2885 1064 2942 tibi
1106 2886 1560 2957 inimicissimuS,
1589 2904 1885 2959 nunquam
1913 2894 2107 2943 tamen
2138 2884 2312 2940 dixis-

337 2976 440 3019 set.
527 2962 659 3038 Ipse
706 2964 862 3020 enim
897 2975 1278 3023 mansuetus:
1346 2984 1540 3023 versus
1588 2965 1871 3022 immanis,
1954 2962 2083 3025 Qui
2121 2973 2313 3019 autem
2338 2958 2381 3021 ri

339 3040 596 3098 Domitio
637 3052 859 3117 poterat
898 3062 1025 3101 esse
1069 3044 1310 3114 amicuS,
1338 3044 1436 3120 qui
1464 3045 1567 3102 tibi
1596 3055 1748 3101 esset
1776 3044 2087 3101 inimicus?
2171 3040 2313 3097 Tibi

337 3138 505 3195 porro
547 3120 820 3178 inimicus
863 3141 968 3179 cur
1011 3132 1182 3192 esset,
1214 3141 1248 3179 a
1273 3142 1387 3199 quo
1416 3121 1550 3181 cum
1582 3123 1669 3181 vel
1701 3122 1969 3192 interfici,
2000 3120 2134 3177 belli
2162 3120 2310 3195 iege,
2332 3128 2381 3174 4»

337 3198 632 3273 potuisset,
661 3219 856 3277 regem
884 3211 942 3258 et
969 3220 1056 3269 se,
1085 3210 1144 3259 et
1173 3201 1354 3259 filium
1382 3198 1570 3273 suum,
1594 3202 1935 3259 constitutos
1960 3217 2087 3255 esse
2115 3198 2315 3254 menni:
2340 3208 2415 3262 35

339 3278 557 3335 nisset?
843 3280 850 3291 ’

416 3356 580 3417 Quid
611 3357 862 3416 deinde?
918 3358 1152 3417 furcifer
1194 3358 1312 3437 quo
1356 3357 1754 3435 progreditur?
1822 3357 1946 3423 Ait,
1976 3355 2089 3411 hac
2117 3352 2316 3410 laetitia

339 3434 676 3493 Deiotarum
717 3437 953 3509 elatum,
983 3438 1117 3497 vino·
1158 3457 1220 3496 se
1259 3438 1539 3506 obruisse,
1571 3436 1629 3492 in
1679 3435 2051 3509 convivioque
2095 3434 2316 3490 nudum

340 3514 650 3572 saltavisse.
732 3515 888 3576 Quae
943 3536 1086 3575 crux
1141 3518 1278 3575 huic
1333 3515 1571 3591 fugitivo
1624 3525 1811 3590 potest
1864 3514 2001 3572 satis
2050 3512 2315 3588 supplicii

342 3593 585 3651 afferre!
654 3593 992 3652 Deiotarum
1035 3597 1337 3653 saltantem
1379 3594 1699 3670 quisquam,
1746 3604 1842 3650 aut
1884 3593 2127 3663 ebrium,
2177 3592 2318 3649 vidit
2345 3599 2415 3651 40

341 3673 636 3747 unquam?
705 3672 930 3729 Omnes
972 3685 1107 3731 sunt
1151 3674 1208 3731 in
1255 3675 1353 3732 illo
1398 3692 1531 3749 rege
1564 3673 1735 3749 regiae
1762 3673 2001 3730 virtutes
2032 3670 2208 3749 (quod
2240 3681 2317 3741 te,

342 3751 561 3820 Caesar,
593 3751 857 3827 ignorare
887 3772 1000 3809 non
1035 3753 1323 3833 arbitror),
1354 3752 1454 3809 sed
1482 3750 1773 3827 praecipue
1803 3750 2108 3828 singularis
2134 3759 2194 3807 et
2224 3750 2320 3805 ad·

344 3828 608 3887 miranda
648 3830 977 3907 frugalitas:
1037 3832 1146 3889 etsi
1186 3833 1297 3891 hoc
1342 3832 1514 3889 verbo
1552 3831 1678 3889 scio
1722 3830 1953 3890 *laudari
1994 3847 2160 3905 reges
2202 3845 2317 3884 non

817 3908 858 3966 8
