2698 4492
286 295 370 356 60
832 293 1109 346 ORATIO
1152 295 1294 346 PRO
1338 295 1534 346 LEGE.
1577 295 1910 347 MANILIA.

390 437 678 508 suluistis;
718 435 879 497 recte
911 437 1005 497 isti
1032 437 1223 496 studia
1248 448 1438 498 vestra
1477 440 1598 498 suis
1635 441 1893 500 consiliis
1927 461 2130 520 regere
2157 463 2378 504 conan-

388 527 499 575 tur.
584 517 689 575 Sin
720 527 913 576 autem
948 537 1047 576 vos
1086 518 1216 595 plus
1246 529 1370 577 tum
1399 519 1459 576 in
1487 539 1550 577 re
1574 520 1809 597 publica
1836 522 2088 593 vidistis3
2133 542 2251 596 vos,
2282 526 2376 583 his

389 596 862 673 repugnantibus,
908 616 1010 673 per
1052 606 1272 655 vosmet
1324 598 1476 674 ipsos
1522 599 1862 675 dignitatem
1917 600 2054 658 huic
2109 602 2371 679 imperio,

388 675 633 734 salutem
673 675 798 733 orbi
841 685 1143 746 terrarum,
1174 676 1444 734 attulistis
1460 697 1476 748 ;
1521 677 1828 752 aliquando
1854 678 1948 735 isti
1976 679 2282 757 principes,
2313 694 2374 740 et

317 765 355 820 5
388 754 499 812 sibi
526 763 585 811 et
612 755 857 826 caeteris,
885 755 1079 832 populi
1119 753 1376 813 Romani
1417 756 1668 814 universi
1697 758 2024 815 auctoritati
2049 763 2374 835 parendum

386 852 513 892 esse
542 832 846 894 fateantur.
900 865 911 874 ·
2267 865 2272 872 ·
2334 895 2343 901 ,

466 913 680 988 Atque,
710 913 770 971 in
800 914 911 971 hoc
936 911 1088 970 bello
1128 911 1394 970 Asiatico
1431 922 1491 970 et
1528 914 1708 990 regio,
1735 933 1850 972 non
1891 913 2076 973 solum
2103 916 2374 976 militaris

386 991 487 1050 illa
514 992 712 1063 virtus,
740 1011 867 1067 quae
904 1001 992 1050 est
1030 992 1089 1050 in
1126 991 1237 1048 Cn.
1266 991 1542 1068 Pompeio
1575 993 1902 1070 singularis,
1931 995 2035 1052 sed
2079 995 2206 1052 aliae
2234 1017 2374 1071 quo-

384 1091 497 1147 que
540 1071 779 1130 virtutes
828 1071 1004 1128 animi
1042 1071 1235 1128 multae
1278 1079 1338 1128 et
1377 1089 1605 1148 magnae
1643 1071 2026 1148 requiruntur.
2111 1074 2372 1134 Difficile

284 1158 353 1213 10
384 1161 473 1208 est
513 1151 573 1208 in
614 1151 782 1222 Asia,
820 1151 1057 1222 Cilicia,
1099 1149 1288 1225 Syria,
1328 1151 1636 1226 regnisque
1672 1150 2008 1210 interiorum
2047 1153 2370 1226 nationum,

386 1229 468 1288 ita
513 1230 727 1287 versari
782 1240 1031 1287 vestrum
1086 1228 1506 1304 imperatorem,
1555 1238 1620 1286 ut
1661 1229 1806 1287 nihil
1851 1230 2028 1302 aliud,
2075 1231 2247 1306 quam
2297 1233 2374 1290 de

384 1308 547 1366 hoste
577 1326 647 1365 ac
676 1309 748 1365 de
775 1308 948 1366 laude
976 1307 1223 1384 cogitet.‘
1289 1307 1541 1378 Deinde,
1579 1307 1754 1365 etiam
1791 1309 1939 1384 siqui
1979 1320 2114 1366 sunt
2152 1312 2370 1386 pudore

386 1404 459 1444 ac
493 1387 873 1462 temperantia
910 1386 1354 1456 moderatiores3
1395 1396 1590 1444 tamen
1634 1407 1733 1444 eos
1777 1407 1904 1445 esse
1943 1387 2107 1460 tales,
2143 1401 2375 1466 propter

385 1465 815 1523 multitudinem
856 1465 1196 1540 cupidorum
1236 1465 1556 1537 hominum,
1585 1485 1758 1524 nemo
1799 1467 2122 1525 arbitratur.
2206 1467 2370 1524 Diffi-

284 1543 351 1598 15
386 1544 499 1602 cile
542 1553 630 1602 est
667 1544 849 1615 dictu,
876 1544 1163 1615 Quirites,
1192 1554 1410 1619 quanto
1452 1545 1510 1602 in
1555 1546 1690 1603 odio
1731 1545 1910 1602 simus
1957 1546 2108 1622 apud
2143 1557 2371 1604 exteras

385 1623 668 1695 nationes,
715 1633 940 1700 propter
988 1642 1207 1695 eorum,
1254 1643 1397 1698 quos
1445 1624 1518 1681 ad
1565 1643 1664 1681 eos
1707 1643 1808 1700 per
1857 1625 1960 1680 hos
2007 1643 2186 1682 annos
2233 1644 2367 1682 cum

386 1702 625 1779 imperio
664 1703 945 1773 misimus,
989 1702 1228 1778 injurias
1270 1719 1340 1759 ac
1380 1702 1668 1760 libidines.
1749 1702 1930 1763 Quod
1969 1703 2126 1760 enim
2171 1704 2370 1762 fanum
2433 1714 2444 1722 ·

384 1783 597 1859 putatis
640 1782 701 1841 in
746 1781 859 1840 illis
900 1783 1069 1840 terris
1107 1781 1315 1839 nostris
1351 1781 1781 1858 magistratibus
1816 1782 2168 1858 religiosum,
2196 1801 2368 1858 quam

387 1863 680 1934 civitatem
734 1871 1017 1932 sanctam,
1064 1878 1237 1936 quam
1286 1860 1520 1918 domum
1575 1861 1714 1918 satis
1761 1860 2018 1918 clausam
2067 1880 2138 1919 ac
2185 1861 2371 1926 muni-

280 1947 353 2002 20
385 1951 506 1999 tam
560 1941 781 1998 fuisse?
862 1940 1051 1997 Urbes
1111 1939 1231 2016 jam
1278 1939 1600 2016 ,locupletes
1654 1958 1725 1997 ac
1777 1940 2020 2015 co‘piosae
2073 1941 2371 2016 requirun-

385 2030 500 2090 tur,
540 2020 751 2094 quibus
798 2037 977 2076 causa
1026 2018 1181 2090 belli,
1224 2029 1450 2095 propter
1495 2018 1801 2096 diripiendi
1849 2019 2244 2095 cupiditatem,
2286 2019 2369 2076 in-

388 2098 621 2156 seratur.
704 2096 982 2155 Libenter
1027 2097 1154 2154 haec
1198 2096 1396 2155 coram
1438 2117 1575 2155 cum
1617 2098 1698 2160 Q.
1742 2096 1954 2155 Catulo
1993 2108 2052 2155 et
2095 2098 2176 2159 Q.
2221 2098 2370 2155 Hor-

386 2177 573 2236 tensio
620 2177 991 2253 disputarem,
1036 2176 1277 2234 summis
1330 2186 1390 2234 et
1444 2176 1780 2234 clarissimis
1832 2175 1984 2234 viris.
2069 2177 2369 2236 Noverunt

388 2258 545 2317 enim
589 2258 875 2315 sociorum
924 2256 1193 2314 vulnera:
1251 2257 1449 2314 vident
1495 2276 1693 2315 eorum
1741 2255 2138 2316 calamitates:
2187 2258 2370 2331 queri-

280 2344 355 2399 25
388 2338 611 2396 monias
666 2337 924 2395 audiunt.
1007 2335 1121 2395 Pro
1173 2336 1347 2393 sociis
1401 2355 1499 2393 vos
1552 2345 1755 2393 contra
1807 2336 2000 2393 hostes
2052 2336 2367 2393 exercitum

387 2418 615 2476 mittere
653 2417 887 2495 putatis,
919 2436 1012 2487 an,
1042 2415 1291 2474 hostium
1328 2415 1714 2485 simulatione,
1743 2423 1945 2471 contra
1981 2415 2165 2472 socios
2202 2425 2372 2489 atque

389 2499 649 2556 amicos?
730 2497 885 2567 Quae
924 2496 1127 2553 civitas
1170 2505 1256 2552 est
1300 2494 1361 2551 in
1403 2494 1569 2563 Asia,
1599 2514 1724 2569 quae
1765 2512 1880 2551 non
1921 2492 2091 2551 mod&
2134 2493 2370 2569 impera-

387 2578 525 2635 toris
554 2588 651 2634 aut
680 2577 876 2653 legati,
906 2576 1007 2633 sed
1037 2574 1211 2632 unius
1236 2573 1454 2637 tribuni
1483 2574 1752 2644 militum,
1783 2572 2004 2629 animos
2033 2591 2104 2630 ac
2135 2574 2368 2649 spiritus

388 2674 596 2731 capere
622 2656 840 2731 possit‘l

281 2738 387 2793 30·
466 2733 709 2791 XXIII.
770 2733 995 2804 Quare,
1026 2733 1201 2791 etiam
1240 2730 1462 2806 siquem
1498 2730 1742 2801 habetiS,
1771 2728 1890 2805 qui,
1921 2730 2143 2787 collatis
2170 2730 2368 2806 signiS,

241 2825 247 2830 '
388 2812 677 2869 exercitus
724 2812 912 2887 regios
958 2830 1228 2887 superare
1274 2830 1440 2886 posse
1485 2810 1778 2878 videatur3
1841 2820 2056 2879 tamen,
2104 2810 2216 2866 nisi
2263 2810 2370 2866 erit

389 2890 564 2960 idem,
592 2889 691 2964 qui
732 2909 794 2946 se
836 2908 869 2946 a
907 2890 1172 2965 pecuniis
1208 2889 1515 2959 sociorum,
1543 2888 1639 2964 qui
1683 2888 1756 2945 ab
1796 2907 1992 2945 eorum
2031 2887 2370 2964 conjugibus

389 2988 461 3026 ac
500 2968 717 3038 liberis,
746 2968 843 3043 qui
886 2968 959 3026 ab
982 2968 1353 3045 'ornamentis
1390 2969 1650 3026 fanorum
1693 2978 1862 3042 atque
1889 2967 2243 3043 oppidorum,
2272 2986 2369 3041 qul

390 3048 463 3104 ab
513 3066 651 3106 auro
697 3048 962 3124 gazaque
1010 3047 1193 3123 regia,
1240 3066 1467 3116 manuS,
1509 3046 1727 3117 ocu105‚
1775 3044 2052 3115 animum,
2101 3046 2370 3103 cohibere

282 3139 355 3194 35
386 3127 595 3204 possit3
638 3147 753 3185 non
793 3127 903 3185 erit
945 3126 1203 3197 idoneus,
1232 3126 1328 3201 qui
1375 3126 1447 3182 ad
1487 3125 1700 3181 bellum
1751 3125 2077 3183 Asiaticum
2125 3124 2372 3200 regium·

387 3227 499 3283 que
554 3208 830 3265 mittatur.
914 3205 1177 3280 Ecquam
1232 3205 1446 3281 putatis
1499 3204 1793 3261 civitatem
1846 3213 2114 3279 pacatam
2170 3203 2367 3273 fuisse,

389 3305 516 3361 quae
544 3287 800 3363 locuples
840 3285 955 3343 sit?
1011 3302 1255 3358 ecquam
1298 3302 1424 3341 esse
1465 3282 1830 3358 locupletem,
1859 3301 1986 3356 quae
2017 3282 2139 3338 istis
2165 3293 2372 3358 pacata

388 3385 515 3424 esse
542 3367 845 3425 videatur?
913 3363 1040 3422 Ora
1075 3362 1384 3433 maritima,
1411 3361 1698 3432 Quirites,
1729 3362 1838 3419 Cn.
1869 3360 2225 3436 Pompeium,
2255 3379 2370 3417 non

389 3444 573 3503 solum
612 3457 837 3523 propter
878 3444 963 3502 rei
1004 3441 1269 3499 militaris
1307 3442 1570 3518 gloriam,
1600 3440 1701 3503 sed
1729 3441 1905 3498 etiam
1940 3450 2164 3515 propter
2195 3438 2368 3495 animi

283 3534 355 3587 40
390 3525 826 3594 continentiam,
855 3521 1168 3597 requisivit.
1252 3521 1508 3578 Videbat
1545 3519 1701 3577 enim
1728 3518 1999 3595 populum
2040 3518 2372 3575 Romanum

389 3621 505 3661 non
545 3602 881 3677 locupletari
922 3600 1229 3675 quotannis
1274 3598 1524 3675 pecunia
1569 3598 1825 3673 publica,
1873 3607 2076 3673 praeter
2122 3615 2370 3672 paucos;

390 3698 579 3753 neque
606 3699 709 3735 nos
736 3678 1045 3753 quidquam
1092 3678 1248 3735 aliud
1291 3677 1514 3753 assequi
1557 3677 1828 3733 classium
1866 3675 2118 3745 nomine,
2147 3674 2258 3732 nisi
2289 3684 2371 3745 ut,

391 3757 752 3815 detrimentis
796 3755 1169 3830 accipiendis,
1198 3755 1413 3832 majore
1455 3756 1606 3814 affici
1649 3755 2002 3831 turpitudine
2030 3754 2370 3810 videremur.

390 3834 591 3907 Nunc,
620 3836 734 3909 qua
764 3834 1081 3910 cupiditate
1109 3834 1370 3891 homines
1397 3836 1456 3892 in
1494 3834 1842 3911 provincias,
1871 3832 2080 3907 quibus
2109 3831 2371 3907 jacturis,
