2698 4492
308 298 423 359 110
803 294 1078 345 ORATIO
1122 292 1294 345 PRO
1307 294 1371 343 T.
1417 294 1647 344 ANNIO
1691 294 1990 345 MILONE.

402 458 582 499 causa
634 440 790 529 justa
840 437 1181 497 restituendi
1220 436 1357 510 mei,
1398 437 1512 497 nisi
1551 438 1756 497 suisset
1805 437 2018 517 injusta
2069 440 2349 519 ejiciendi
2370 446 2398 502 Ω

402 518 575 579 Diem
638 517 779 575 mihi
830 518 1060 607 (credo)
1110 517 1370 575 dixerat:
1431 518 1672 575 multam
1719 518 2036 607 irrogarat.
2100 522 2394 581 actionem

400 596 810 675 perduellionis
831 596 1191 655 intenderat:
1234 607 1292 654 et
1319 595 1463 653 mihi
1489 596 1778 668 videlicet,
1809 597 1868 655 in
1897 600 2076 656 causa
2109 610 2209 657 aut
2235 603 2392 660 mala

406 687 503 735 aut
530 677 681 747 mea,
712 696 825 733 non
854 686 913 733 et
936 674 1376 751 praeclarissima
1402 685 1464 733 et
1500 676 1710 747 vestra,
1733 676 2018 752 judicium
2063 678 2393 739 timendum

338 760 375 813 5
405 755 527 815 suit.
613 756 919 813 Servorum
946 765 1006 813 et
1032 754 1327 831 egentium
1370 754 1583 812 civium
1629 764 1688 812 et
1735 754 2184 815 facinorosorum
2215 760 2392 817 armis

402 854 562 893 meos
590 833 766 906 cives,
794 833 939 892 meis
966 833 1221 892 consiliis
1246 832 1634 911 periculisque
1662 844 1932 906 servatos,
1960 854 2066 911 pro
2091 854 2186 895 me
2211 839 2392 916 objici

404 914 580 974 nolui.

482 992 621 1053 Vidi
668 992 844 1063 enim,
892 991 1030 1063 vidi,
1079 993 1235 1051 hunc
1283 991 1471 1087 ipsum
1522 991 1604 1053 Q.
1651 991 2050 1063 Hortensium,
2090 993 2288 1053 lumen
2331 1006 2392 1054 et

404 1083 806 1132 ornamentum
829 1037 1187 1147 ieipublicae,
1228 1067 1379 1147 pene
1411 1070 1656 1128 interfici
1704 1090 1992 1129 servorum
2022 1091 2218 1145 manu,
2251 1094 2390 1132 cum

310 1154 377 1210 10
406 1151 549 1210 mihi
592 1153 851 1211 adesset.
895 1170 1008 1227 qua
1057 1151 1113 1208 in
1162 1150 1332 1208 turba
1361 1150 1431 1207 C.
1462 1149 1767 1220 Vibienus,
1816 1161 2064 1221 senator,
2112 1151 2196 1209 vir
2243 1154 2392 1229 opti-

404 1250 555 1303 mus,
610 1250 743 1289 cum
800 1231 909 1287 hoc
964 1248 1100 1287 curn
1146 1239 1297 1287 esset
1342 1246 1481 1301 una,
1511 1228 1592 1286 ita
1637 1238 1725 1287 est
1751 1195 2065 1297 ’ἶιιιιιΙιιιιιιε
2107 1241 2171 1287 ιιι
2211 1232 2390 1289 vitam

406 1309 679 1377 amiserit.
788 1307 1015 1381 Itaque,
1064 1308 1295 1382 quando
1348 1307 1504 1364 illius
1554 1318 1753 1383 postea
1813 1307 1938 1366 sica
1977 1308 2096 1379 illa,
2137 1328 2312 1383 quam
2355 1330 2394 1369 a

404 1386 663 1444 Catilina
706 1396 1030 1461 acceperat,
1073 1385 1445 1461 conquievit'l
1527 1386 1678 1445 Haec
1719 1386 2002 1445 intentata
2053 1354 2220 1445 n'obis
2261 1400 2388 1447 est:

405 1464 544 1524 huic
584 1485 693 1541 ego
718 1483 817 1523 vos
868 1462 1043 1540 objici
1080 1484 1185 1540 pro
1224 1482 1319 1522 me
1359 1485 1472 1523 non
1515 1485 1643 1523 sum
1680 1484 1920 1541 passus:
1964 1466 2088 1523 haec
2117 1465 2392 1526 insidiata

306 1543 375 1597 15
404 1542 679 1620 Pompeio
704 1553 791 1602 est
814 1563 828 1601 ε
871 1544 997 1601 hoec
1025 1543 1193 1601 istam
1223 1544 1496 1619 Appiam,
1525 1554 1960 1602 monumentum
1999 1544 2089 1602 sui
2117 1546 2388 1619 nominis,

404 1642 552 1683 nece
580 1622 798 1700 Papirii
826 1622 1184 1681 cruentavit:
1227 1624 1374 1693 hoec,
1424 1623 1550 1680 haec
1597 1624 1822 1694 eadem,
1849 1623 2022 1701 longo
2067 1623 2388 1698 intervallo,

406 1722 683 1762 conversa
729 1720 925 1762 rursus
971 1713 1059 1761 est
1104 1701 1164 1759 in
1211 1720 1342 1760 me:
1385 1721 1568 1777 nuper
1596 1702 1848 1778 quidem,
1877 1712 1943 1759 ut
1981 1702 2161 1776 scitis,
2191 1723 2285 1763 me
2315 1707 2390 1764 ad

405 1782 627 1859 regiam
652 1780 803 1858 pene
834 1781 1102 1840 confecit.

483 1861 652 1923 Quid
679 1862 867 1920 simile
914 1860 1195 1919 Milonis?
1258 1858 1425 1937 cujus
1471 1859 1556 1917 vis
1601 1860 1789 1919 omnis
1836 1860 1962 1918 haec
1989 1880 2215 1936 semper
2259 1862 2386 1935 fuit,

302 1946 377 2000 20
404 1960 481 1999 ne
508 1940 573 1997 P.
603 1940 863 2010 Clodius,
912 1958 1048 1997 curn
1097 1939 1155 1996 in
1198 1939 1482 2016 judicium
1531 1939 1754 1997 detrahi
1801 1958 1916 1997 non
1955 1950 2165 2015 posset,
2194 1941 2250 1999 vi
2289 1962 2389 2018 op-

402 2036 660 2095 pressam
708 2018 1001 2076 civitatem
1054 2027 1293 2075 teneret.
1392 2017 1594 2078 Quem
1635 2018 1684 2075 si
1725 2018 2051 2077 interficere
2095 2020 2385 2093 voluisset,

404 2107 654 2173 quantae,
703 2096 925 2171 quoties
969 2096 1325 2167 occasioneS,
1356 2094 1530 2172 quam
1576 2098 1885 2173 praeclarae,
1917 2098 2183 2157 fuerunt!
2276 2100 2389 2159 Po-

406 2174 612 2248 tuitne,
642 2194 779 2233 cum
806 2176 1039 2234 domum
1088 2193 1159 2232 ac
1186 2174 1342 2233 Deos
1388 2186 1628 2252 penates
1674 2196 1826 2248 suoS,
1855 2175 1953 2234 illo
1997 2188 2384 2256 oppugnante,

406 2221 764 2328 defenderet,
786 2255 915 2334 J‘ure
958 2274 1021 2312 se
1065 2254 1313 2313 ulcisci?
1374 2255 1654 2332 potuitne,
1703 2256 1828 2314 cive
1875 2257 2127 2334 egregio,
2170 2268 2229 2316 et
2269 2258 2389 2317 viro

303 2339 377 2394 25
408 2335 733 2409 fortissimo,
781 2335 846 2395 P.
898 2333 1115 2406 Sexti0‚
1164 2334 1388 2432 collega
1431 2353 1555 2406 suo,
1602 2335 1938 2394 vulnerato.
1917 2337 1942 2380 Ῥ
1982 2337 2263 2412 potuitne,
2302 2338 2383 2400 Q.

406 2415 699 2488 Fabricio,
754 2416 876 2475 viro
923 2414 1159 2505 optimo,
1202 2434 1339 2472 cum
1380 2414 1453 2472 de
1492 2415 1720 2472 redditu
1773 2433 1904 2472 meo
1955 2415 2144 2492 legem
2187 2417 2386 2488 ferret,

403 2496 589 2586 pulso,
620 2462 1062 2555 crudelissima
1048 2514 1108 2553 ιιι
1136 2494 1257 2552 foro
1284 2493 1445 2551 caede
1493 2492 1690 2552 factal
1731 2493 2011 2569 potuitne,
2041 2494 2107 2551 L.
2138 2495 2386 2567 Caecilii,

420 2573 722 2650 justissimi
750 2573 1157 2649 fortissimique
1194 2571 1473 2648 praetoris,
1500 2573 1830 2668 oppugnata
1877 2573 2088 2631 domo'l
2127 2574 2388 2648 potuitne

406 2653 505 2710 illo
558 2654 672 2726 die,
715 2651 853 2711 cum
898 2663 986 2710 est
1025 2653 1144 2710 lata
1182 2652 1276 2710 lex
1316 2652 1389 2708 de
1437 2653 1575 2708 me'l
1617 2669 1754 2709 cum
1798 2651 1973 2709 totius
2025 2651 2212 2710 Italioe
2255 2674 2390 2712 con-

302 2737 375 2790 ³0
408 2749 631 2802 cursus,
660 2750 832 2806 quem
858 2749 991 2788 mea
1016 2731 1171 2788 salus
1198 2730 1537 2800 concitarat,
1568 2730 1706 2788 facti
1735 2729 1887 2787 illius
1915 2730 2154 2820 gloriam
2200 2732 2389 2790 libens

408 2808 769 2886 agnovisset.
811 2819 895 2879 ut,
923 2808 1096 2866 etiam
1126 2808 1176 2866 si
1203 2809 1262 2866 id
1290 2807 1438 2866 Milo
1477 2808 1726 2881 fecisset,
1756 2819 1970 2867 cuncta
2015 2809 2217 2868 civitas
2257 2831 2388 2870 eam

404 2886 637 2945 laudem
664 2905 766 2962 pro
791 2887 897 2944 sua
924 2885 1259 2945 vindicaret.

484 2964 622 3028 XV.
713 2964 895 3056 Atqui
941 2974 1067 3022 erat
1112 2964 1171 3024 id
1217 2965 1488 3042 temporis
1541 2965 1894 3024 clarissimus
1939 2977 2000 3025 et
2045 2967 2388 3026 fortissimus
2458 3019 2463 3023 .

406 3043 627 3115 consul,
656 3042 928 3102 inimicus
955 3043 1179 3116 Clodio,
1206 3042 1271 3102 P.
1302 3044 1604 3116 Lentulus,
1632 3045 1779 3103 ultor
1801 3046 2034 3103 sceleris
2063 3046 2234 3118 illius,
2262 3065 2387 3122 pro-

302 3127 375 3181 35
404 3133 689 3201 pugnator
729 3121 983 3196 senatus,
1012 3122 1279 3181 defensor
1324 3133 1526 3181 vestrae
1573 3123 1902 3195 voluntatis,
1931 3135 2207 3200 patronus
2235 3125 2386 3182 illius

403 3203 621 3281 publici
664 3221 997 3272 eonsensuS,
1027 3201 1315 3260 restitutor
1363 3201 1564 3259 salutis
1610 3221 1789 3272 meae3
1833 3213 2050 3278 septem
2096 3214 2384 3279 praetores,

402 3294 535 3342 octo
588 3281 805 3341 tribuni
850 3279 1057 3357 plebis,
1106 3280 1259 3338 illius
1308 3280 1639 3350 adversarii,
1688 3247 2018 3339 defensores
2057 3282 2210 3352 mei;
2273 3281 2382 3339 Cn.

404 3361 713 3439 Pompeius
743 3370 941 3420 auctor
968 3369 1028 3418 et
1053 3360 1170 3417 dux
1196 3358 1312 3416 mei
1353 3358 1591 3432 reditus,
1620 3325 1774 3416 illius
1801 3359 2012 3417 hostis·
1997 3403 2012 3430 ,
2057 3360 2223 3436 cujus
2263 3380 2388 3418 sen-

403 3442 646 3500 tentiam
692 3450 929 3499 senatus
972 3437 1161 3496 omnis
1206 3438 1280 3496 de
1320 3437 1505 3495 salute
1545 3437 1675 3495 mea
1717 3438 2112 3513 gravissimam
2141 3449 2201 3497 et
2223 3458 2388 3497 orna-

303 3516 375 3570 40
405 3517 686 3576 tissimam
728 3528 962 3578 secutus
1003 3527 1127 3575 est.
1189 3515 1289 3590 qui
1339 3517 1616 3591 populum
1669 3515 2005 3574 Romanum
2059 3519 2389 3576 cohortatus

405 3604 512 3665 est,
554 3597 674 3670 qui,
717 3595 852 3655 cum
914 3597 987 3653 de
1048 3615 1142 3654 me
1195 3595 1494 3652 decretum
1535 3595 1753 3668 Capuae
1795 3595 1954 3666 fecit,
1998 3595 2121 3670 ipse
2162 3608 2387 3655 cunctae

344 3640 591 3729 Italiae
652 3673 931 3748 cupienti,
986 3683 1045 3730 et
1102 3672 1228 3749 ejus
1286 3672 1461 3730 fidem
1522 3672 1869 3748 imploranti,
1931 3673 2162 3750 signum
2208 3675 2386 3746 dedit,

405 3758 490 3819 ut,
545 3751 619 3806 ad
685 3769 779 3807 me
844 3750 1283 3822 restituendum,
1353 3750 1605 3808 Romam
1660 3763 2088 3810 concurrerent.
2171 3751 2389 3811 Omnia

405 3835 528 3884 tum
557 3826 851 3902 denique·
834 3847 895 3886 ιιι
937 3827 1101 3886 illum
1144 3828 1280 3887 odia
1326 3828 1540 3886 civium
1589 3828 1869 3888 ardebant
1907 3829 2196 3890 desiderio
2234 3829 2386 3890 mei:

2662 1659 2686 1818 ’140
