2698 4492
325 296 406 356 40
811 292 1084 342 ORATIO
1127 291 1220 341 1v.
1265 291 1342 340 IN
1388 291 1451 340 L.
1496 290 1921 341 CATILINAM.

430 434 726 493 habendos
749 445 902 512 puto.
986 434 1198 494 Caeteri
1225 432 1361 493 vero
1394 433 1523 510 (Dii
1556 433 1905 492 immortales
1922 434 1967 512 ἒ)
1998 434 2113 508 quii
2142 433 2407 509 frequen-

428 513 532 584 tia,
561 532 674 588 quo
709 515 916 584 studio,
945 515 1059 589 qua
1099 515 1326 584 virtute,
1358 514 1429 570 ad
1472 531 1835 572 communem
1875 513 2215 590 dignitatem
2256 514 2407 570 salu-

428 601 660 667 temque
700 591 1102 651 consentiunt!
1183 593 1349 654 Quid
1392 611 1500 668 ego
1540 592 1638 648 hic
1679 591 1901 666 equites
1928 593 2225 650 Romanos
2252 611 2407 650 com-

430 673 781 729 memorem'l
823 671 920 746 qui
949 671 1074 730 vob‘
1135 671 1217 728 ita
1243 689 1526 727 summam
1564 670 1783 728 ordinis
1822 670 2161 744 consiliique
2198 689 2409 728 conce-

359 750 396 802 5
430 749 594 819 dunt,
635 761 700 807 ut
739 749 1034 809 vobiscum
1113 769 1147 806 e
1203 768 1394 808 amore
1448 749 1777 824 reipublicae
1820 759 2074 826 certent3
2131 767 2291 822 quos,
2331 769 2409 806 ex

429 829 736 886 multorum
779 847 1056 886 annorum
1096 827 1451 886 dissensione
1494 828 1565 884 ad
1608 826 1775 902 hujus
1814 827 2031 886 ordinis
2070 828 2407 885 societatem

429 907 912 982 concordiamque
971 917 1282 978 revocatos,
1325 906 1637 964 hodiernus
1691 905 1815 962 dies
1870 905 2183 976 vobiscum,
2234 917 2409 980 atque

429 985 554 1042 haec
597 1005 792 1057 causa,
823 985 1150 1063 conjungit3
1193 1003 1367 1060 quam
1409 983 1871 1072 conjunctionem
1913 983 1982 1053 si,
2012 983 2071 1040 ἰιι
2100 985 2407 1041 consulatu

430 1063 825 1122 confirmatam
866 1083 1014 1135 meo,
1043 1074 1375 1142 perpetuam
1418 1063 1477 1119 in
1518 1061 1814 1138 republica
1843 1061 2227 1132 tenuerimus3
2272 1081 2409 1120 con-

329 1141 396 1195 10
429 1142 594 1201 firmo
621 1143 798 1214 vobis,
829 1144 1050 1200 nullum
1090 1143 1328 1218 posthac
1368 1141 1583 1196 malum
1628 1140 1796 1197 civile
1826 1159 1895 1197 ac
1924 1140 2299 1198 domesticum
2330 1141 2413 1205 ad

429 1222 607 1278 ullam
647 1221 976 1296 reipublicae
1015 1233 1236 1296 partem
1264 1237 1391 1276 esse
1419 1228 1737 1275 venturum.
1822 1219 1953 1276 Pari
1996 1218 2185 1276 studio
2211 1219 2408 1276 defen-

429 1299 632 1356 dendae
673 1299 1005 1386 reipublicae
1046 1297 1381 1354 convenisse
1410 1297 1575 1354 video
1600 1296 1858 1354 tribunos
1898 1297 2144 1366 aerarios,
2174 1296 2407 1354 fortissi-

429 1394 552 1433 mos
581 1377 760 1446 viros;
805 1377 1024 1433 scribas
1052 1375 1188 1432 item
1217 1374 1544 1444 universos3
1587 1393 1728 1449 quos
1770 1374 1904 1432 cum
1946 1394 2085 1432 casu
2128 1376 2253 1432 hoec
2279 1375 2406 1432 dies

432 1455 504 1510 ad
545 1455 809 1511 aerarium
852 1454 1284 1528 frequentasset,
1314 1453 1499 1524 video,
1540 1454 1612 1510 ab
1652 1453 2075 1542 exspectatione
2115 1454 2299 1523 sortis,
2331 1455 2405 1510 ad

329 1542 396 1596 15
432 1549 797 1590 communem
819 1533 1060 1590 salutem
1082 1551 1208 1589 esse
1230 1551 1549 1591 conversos.
1610 1530 1855 1588 Omnis
1842 1551 2218 1620 ingenuorum
2244 1533 2407 1589 adest

431 1609 754 1682 multitudo,
773 1610 947 1668 etiam
967 1611 1448 1668 tenuissimorum.
1516 1609 1673 1672 Quis
1698 1620 1786 1666 est
1812 1611 1988 1681 enim,
2018 1610 2115 1668 cui
2143 1630 2254 1668 non
2278 1611 2404 1668 haec

429 1689 661 1766 templa,
692 1691 995 1766 adspectus
1035 1689 1212 1761 urbis,
1240 1688 1521 1765 possessio
1547 1688 1845 1758 libertatis,
1875 1689 1973 1746 lux
1999 1687 2248 1763 denique
2278 1690 2404 1746 haec

431 1767 572 1844 ipsa,
601 1780 660 1826 et
687 1770 795 1826 hoc
824 1787 1128 1827 commune
1153 1767 1351 1845 patriae
1380 1767 1582 1839 solum,
1612 1785 1749 1824 cum
1776 1767 1849 1824 sit
1876 1784 2095 1838 carum,
2116 1778 2239 1824 tum
2268 1765 2401 1825 vero

429 1845 601 1903 dulce
631 1858 802 1922 atque
823 1847 1187 1924 jucundum?

324 1933 397 1988 20
511 1924 681 1982 VIII.
749 1925 957 2001 Operae
983 1925 1229 2002 pretium
1269 1934 1375 1996 est,
1404 1924 1607 1982 Patres
1633 1923 1980 2020 conscripti,
2007 1923 2402 1982 libertinorum

431 2002 728 2060 hominum
768 2004 958 2061 studia
985 2022 1367 2098 cognoscere3
1412 2002 1529 2077 qui,
1558 2002 1766 2059 virtute
1804 2021 1911 2058 sua
1954 2003 2238 2060 fortunam
2266 2002 2403 2060 civi-

429 2081 564 2137 tatis
593 2081 907 2152 consecuti,
939 2082 1090 2139 hanc
1117 2100 1249 2138 vere
1281 2099 1445 2137 suam
1472 2080 1715 2156 patriam
1742 2100 1867 2138 esse
1889 2081 2185 2157 judicant3
2228 2100 2401 2155 quam

431 2158 684 2233 quidam,
715 2160 852 2218 hinc
880 2159 1020 2230 nati,
1039 2170 1098 2216 et
1118 2177 1341 2217 summo
1368 2158 1488 2216 nati
1514 2160 1660 2229 loco,
1683 2179 1797 2217 non
1822 2160 2065 2235 patriam
2094 2178 2277 2230 suam,
2300 2160 2400 2217 sed

430 2237 632 2295 urbem
662 2237 928 2310 hostium,
952 2258 1077 2297 esse
1100 2237 1521 2315 judicaverunt.
1582 2239 1699 2296 Sed
1718 2239 1854 2313 quid
1876 2258 1984 2315 ego
2001 2238 2239 2315 hujusce
2254 2239 2403 2297 ordi-

324 2325 396 2379 25
431 2316 522 2374 nis
565 2318 823 2375 homines
863 2336 1325 2388 commemorem,
1354 2336 1495 2391 quos
1532 2316 1765 2393 privatae
1794 2316 2053 2387 fortunae,
2082 2336 2222 2391 quos
2250 2336 2403 2375 com-

429 2396 619 2453 munis
663 2397 1006 2472 respublica,
1034 2416 1175 2471 quos
1218 2396 1468 2470 denique
1511 2396 1745 2453 libertas
1783 2414 1872 2465 ea,
1901 2414 2028 2469 quae
2068 2396 2404 2455 dulcissima

429 2485 535 2545 est,
576 2476 647 2531 ad
688 2476 930 2533 salutem
969 2475 1166 2553 patriae
1207 2474 1630 2532 defendendam
1671 2474 1981 2531 excitavit?
2064 2475 2275 2531 Servus
2314 2485 2404 2532 est

429 2572 617 2623 nemo,
648 2554 745 2628 qui
785 2552 954 2612 modo
998 2553 1277 2612 tolerabili
1320 2552 1649 2610 conditione
1691 2552 1765 2609 sit
1804 2552 2109 2623 servitutiS,
2148 2552 2245 2626 qui
2286 2573 2401 2611 non

431 2631 736 2688 audaciam
778 2633 992 2689 civium
1031 2632 1458 2707 perhorrescat3
1520 2630 1618 2704 qui
1658 2650 1773 2687 non
1816 2631 1939 2687 haec
1981 2641 2131 2688 stare
2172 2632 2399 2706 cupiat;

323 2712 396 2767 30
430 2708 528 2782 qui
556 2728 668 2766 non
697 2709 940 2779 ta'ntum,
970 2720 1247 2783 quantum
1277 2708 1469 2778 audet,
1499 2718 1557 2764 et
1596 2719 1874 2783 quantum
1912 2719 2114 2785 potest,
2145 2710 2405 2768 conferat

431 2787 503 2842 ad
533 2804 896 2845 communem
924 2787 1187 2856 salutem,
1217 2785 1541 2843 voluntatis·

505 2863 730 2933 Quare,
753 2864 801 2921 si
831 2882 1000 2939 quern
1029 2864 1278 2921 vestrum
1307 2862 1451 2921 forte
1482 2874 1801 2922 commovet
1822 2866 1951 2935 hoc,
1969 2865 2120 2939 quod
2144 2866 2403 2924 auditum

429 2951 534 3012 est,
563 2942 830 3000 lenonem
871 2944 1158 3018 quendam
1199 2942 1433 3000 Lentuli
1474 2962 1820 3001 concursare
1862 2943 2085 3001 circum
2112 2946 2401 3017 tabernam,

426 3020 609 3095 pretio
648 3040 874 3097 sperare
930 3020 1226 3079 sollicitari
1279 3040 1446 3097 posse
1488 3021 1710 3078 animos
1750 3022 2044 3098 egentium
2089 3033 2258 3097 atque
2300 3024 2404 3079 im-

323 3101 395 3155 35
427 3098 770 3174 peritorum3
814 3109 900 3156 est
929 3099 986 3157 id
1016 3099 1247 3174 quidem
1277 3111 1526 3177 coeptum
1566 3111 1737 3175 atque
1769 3111 2085 3158 tentatum:
2129 3102 2230 3158 sed
2259 3103 2403 3160 nulli

429 3186 563 3235 sunt
590 3177 806 3235 inventi
834 3188 950 3235 tam
981 3188 1079 3234 aut
1107 3177 1331 3235 fortuna
1362 3178 1575 3249 miseri,
1606 3191 1705 3236 aut
1731 3180 2021 3237 voluntate
2046 3179 2273 3254 perditi,
2304 3181 2403 3254 qui

428 3276 542 3315 non
585 3256 769 3334 ipsum
811 3256 971 3314 illum
1013 3256 1165 3313 sellae
1212 3266 1381 3330 atque
1408 3257 1593 3333 operis
1620 3267 1678 3315 et
1704 3258 1953 3332 quaestfis
1981 3257 2297 3331 quotidiani
2327 3260 2405 3316 lo-

429 3354 595 3405 cum,
585 3356 595 3369 ·
639 3335 873 3411 quinon
896 3334 1088 3392 cubile
1118 3354 1187 3391 ac
1214 3334 1491 3392 lectulum
1520 3354 1720 3405 suum,
1706 3356 1719 3368 ·
1763 3336 1857 3409 qui
1878 3335 2126 3409 denique
2144 3355 2257 3392 non
2277 3356 2406 3393 cur-

428 3433 554 3471 sum
581 3381 739 3473 ’hunc
765 3414 1009 3472 otiosum
1035 3413 1165 3471 vitae
1194 3433 1330 3485 suae,
1362 3414 1580 3481 salvum
1610 3434 1735 3471 esse
1762 3415 1987 3471 vellent.
2058 3412 2247 3471 Multo
2266 3413 2401 3473 vero

323 3491 394 3545 40
429 3493 677 3550 maxima
695 3513 826 3569 pars
844 3512 1062 3563 eorum,
1085 3492 1182 3567 qui
1212 3492 1270 3550 in
1299 3492 1553 3551 tabernis
1582 3505 1746 3564 sunt;
1791 3492 1964 3549 immo
1984 3490 2119 3550 vero
2142 3491 2229 3567 (id
2247 3493 2403 3551 enim

427 3568 616 3645 potius
656 3581 743 3627 est
783 3570 1120 3659 dicendum)
1165 3590 1349 3647 genus
1410 3573 1521 3629 hoc
1576 3572 1905 3629 universum
1948 3571 2403 3629 amantissimum

428 3658 517 3704 est
542 3647 679 3704 otii:
721 3648 935 3706 etenim
962 3668 1132 3737 omne
1164 3669 1362 3707 eorum
1404 3648 1865 3720 instrumentum,
1894 3650 2081 3708 omnis
2118 3669 2291 3726 opera
2332 3669 2403 3707 ac

429 3736 698 3801 quaestus,
727 3726 1048 3800 frequentia
1077 3726 1290 3785 civium
1330 3727 1662 3799 sustinetur,
1693 3728 1862 3786 alitur
1889 3728 2039 3788 otio:
2081 3747 2325 3804 quorum
2353 3728 2402 3787 si
