2698 4492
314 286 429 345 148
938 284 1211 335 ORATIO
1254 283 1332 335 IN
1370 283 1447 335 M.
1479 280 1884 333 ANTONIUM.

406 446 564 485 mus:
606 425 743 503 quid
768 425 926 484 enim
952 436 1042 483 est
1069 427 1226 485 aliud
1270 425 1600 483 Antonius?
1681 424 1858 495 Nam,
1885 422 1936 480 si
1977 422 2228 499 dignitas
2269 422 2388 498 sig-

406 505 740 563 nificaretur
789 505 849 562 in
890 505 1145 576 nomine,
1175 504 1414 561 dixisset
1459 502 1689 581 (credo)
1722 502 2028 577 aliquando
2072 519 2209 560 avus
2251 510 2388 557 tuus

404 602 468 641 se
497 589 613 640 “et
640 583 935 641 consulem
975 594 1035 640 et
1074 582 1455 640 Antonium.”
1537 581 1852 656 Nunquam
1881 578 2042 637 dixit.
2127 578 2386 636 Dixisset

406 662 581 719 etiam
609 662 833 738 collega
873 680 1053 733 meus,
1080 671 1317 737 patruus
1344 671 1512 717 tuus:
1553 659 1666 717 nisi
1694 670 1756 716 tu
1783 655 1947 715 solus*
1977 676 2040 714 es
2068 657 2383 715 Antonius.

340 745 377 797 5
408 740 524 797 Sed
564 740 765 798 omitto
804 759 876 797 ea
913 750 1175 815 peccata,
1217 758 1344 814 quae
1389 758 1505 795 non
1548 748 1682 795 sunt
1720 756 1916 794 earum
1958 735 2209 812 partium
2259 754 2388 811 pro—

404 818 548 893 pria,
576 818 784 893 quibus
822 828 884 875 tu
924 818 1341 893 rempublicam
1384 815 1690 876 vexavisti:
1733 815 1804 872 ad
1835 814 1986 891 ipsas
2026 824 2155 871 tuas
2193 824 2386 890 partes

404 897 599 967 redeo,
628 896 685 954 id
714 906 821 968 est,
852 894 922 953 ad
940 895 1121 961 ,civile
1162 896 1377 953 bellum
1399 914 1416 965 3
1456 895 1607 969 quod
1650 905 1872 965 natum,
1900 890 2234 963 conflatum,
2263 911 2387 949 sus-

406 986 659 1050 ceptum,
686 974 861 1050 operti
889 973 989 1031 tufi.
1015 984 1121 1031 est.

485 1052 723 1111 XXIX.
806 1053 929 1111 Cur
981 1053 1035 1109 ei
1090 1051 1241 1111 bello
1296 1048 1446 1128 [tum
1500 1062 1728 1127 propter
1782 1048 2143 1107 timiditatem
2198 1058 2379 1121 tuam,

314 1134 379 1187 10
407 1142 527 1189 tum
571 1134 798 1207 propter
842 1131 1157 1209 libidines‚]
1206 1129 1480 1187 defuisti?
1559 1128 1840 1187 Gustfiras
1882 1127 2108 1185 civilem
2151 1126 2386 1203 sangui-

408 1229 563 1277 nem,
594 1209 679 1265 vel
708 1208 899 1285 potius
925 1209 1299 1266 exsorbueras
1323 1227 1338 1264 ε
1382 1208 1571 1264 fueras
1599 1206 1658 1266 in
1688 1206 1814 1263 acie
1855 1205 2191 1269 Pharsalici
2225 1218 2385 1262 ante-

408 1288 723 1363 signanus:
766 1287 834 1344 L.
864 1286 1203 1356 Domitium,
1233 1285 1652 1345 nobilissimum
1679 1294 1739 1342 et
1755 1278 2146 1343 'clarissimum
2177 1272 2383 1355 vifum,

407 1364 741 1423 occideras:
783 1365 1011 1435 multos,
1039 1363 1138 1439 qui
1178 1363 1251 1419 de
1292 1363 1492 1438 proelio
1532 1362 1874 1439 effugerant,
1901 1382 2044 1437 quos
2072 1361 2385 1431 Caesar3‘ut

408 1442 734 1513 nonnullos,
780 1442 1015 1500 sortasse
1058 1440 1359 1511 servasset,
1388 1440 1786 1523 crudelissime
1831 1450 2168 1516 persecutus
2209 1441 2386 1497 truci-

312 1520 379 1573 15
407 1520 595 1577 daras.
676 1520 911 1583 Quibus
940 1521 1109 1577 rebus
1136 1519 1330 1589 tantiS,
1359 1519 1589 1590 talibus,
1617 1518 1814 1595 gestis,
1843 1518 1980 1594 quid
2023 1518 2128 1576 fuit
2170 1537 2383 1589 causae,

408 1619 513 1657 cur
568 1599 628 1656 in
679 1598 941 1656 Africam
984 1598 1274 1656 Caesarem
1328 1617 1444 1654 non
1501 1616 1824 1673 sequerere,
1879 1594 2016 1654 cum
2069 1596 2386 1672 praesertim

408 1676 545 1735 belli
573 1696 705 1753 pars
744 1686 905 1737 tanta
945 1677 1229 1735 restaret?
1309 1674 1538 1752 Itaque,
1568 1694 1740 1751 quem
1781 1676 1972 1733 locum
2015 1676 2165 1750 apud
2197 1674 2385 1750 ipsum

409 1756 721 1827 Caesarem,
748 1766 877 1833 post
916 1755 1042 1832 ejus
1083 1775 1157 1815 ex
1198 1754 1404 1811 Africa
1445 1754 1714 1824 reditum,
1741 1753 2086 1811 obtinuisti?
2126 1772 2240 1828 quo
2281 1772 2388 1811 nu-

407 1854 567 1893 mero
596 1836 793 1894 fuisti?
875 1834 1057 1911 Cujus
1084 1845 1144 1891 tu
1188 1832 1544 1909 imperatoris
1570 1842 1816 1907 quaestor
1844 1832 2058 1903 fueras,
2087 1832 2384 1888 dictatoris

306 1922 380 1977 20
407 1914 679 1989 magister
718 1912 993 1988 equitum,
1034 1911 1167 1970 belli
1205 1912 1494 1987 princeps,
1523 1910 1880 1970 crudelitatis
1929 1922 2146 1978 auctor,
2174 1910 2384 1985 praedae

406 1992 619 2062 sociuS,
664 1989 1143 2066 testamento·(ut
1185 1990 1304 2066 ipse
1346 1988 1610 2067 dicebas)
1643 1988 1813 2059 filius,
1843 1988 2157 2064 appellatus
2204 2007 2268 2045 es
2313 1989 2387 2046 de

406 2068 677 2145 pecunia,
704 2087 875 2144 quam
902 2087 1006 2143 pro
1032 2069 1221 2138 dom0‚
1249 2086 1352 2143 pro
1380 2068 1577 2138 hortis,
1604 2087 1707 2143 pro
1734 2067 2013 2135 sectione,
2041 2066 2317 2123 debebas,

458 2145 682 2204 Primo
731 2145 1075 2221 respondisti
1125 2144 1298 2221 plane
1342 2146 1643 2206 ferociter:
1712 2156 1772 2203 et
1814 2145 1916 2223 (ne
1957 2145 2152 2203 omnia
2191 2145 2388 2203 videar
2459 2194 2464 2197 .

404 2235 618 2290 ,contra
662 2227 747 2304 te)
792 2224 1201 2302 propemodum
1230 2242 1394 2300 aequa
1433 2235 1492 2283 et
1542 2223 1698 2300 justa
1737 2225 1991 2282 dicebas.
2074 2224 2131 2281 A
2175 2242 2268 2282 me
2311 2224 2382 2282 C.

308 2310 379 2364 25
416 2305 613 2364 Caesar
658 2303 1008 2380 pecuniam?
1070 2324 1175 2362 cur
1221 2300 1432 2380 potius,
1461 2301 1634 2378 quam
1662 2323 1772 2380 ego
1801 2303 1873 2360 ab
1922 2303 2058 2361 illo'l
2139 2303 2237 2359 An
2288 2303 2385 2360 ille

412 2384 541 2442 sine
584 2403 678 2441 me
720 2383 903 2442 vicit?
946 2394 1003 2440 at
1044 2402 1120 2440 ne
1172 2382 1356 2458 potuit
1401 2382 1650 2457 quidem.
1731 2381 1860 2458 Ego
1914 2382 1985 2438 ad
2035 2381 2194 2438 illum
2251 2381 2387 2438 belli

415 2463 601 2519 civilis
660 2481 893 2520 causam
951 2461 1139 2519 attuli:
1200 2481 1309 2538 ego
1363 2460 1521 2536 leges
1573 2459 1927 2536 perniciosas
1975 2459 2208 2534 rogavi:
2275 2479 2387 2536 ego

417 2559 575 2598 arma
603 2550 807 2598 contra
830 2541 1098 2598 consules
1134 2535 1616 2615 imperatoresque
1643 2538 1835 2614 populi
1878 2537 2154 2608 Romani,
2185 2548 2389 2596 contra

414 2629 676 2676 senatum
718 2618 1102 2695 populumque
1145 2617 1500 2688 Romanum,
1531 2627 1731 2674 contra
1772 2615 1928 2673 Deos
1975 2615 2209 2691 patrios,
2237 2635 2390 2672 aras-

308 2711 379 2768 30
414 2715 527 2771 que
580 2707 639 2753 et
692 2697 868 2762 foco&
900 2706 1102 2754 contra
1152 2697 1419 2771 patriam,
1462 2695 1584 2753 tuli.
1669 2695 1829 2752 Num
1881 2694 1990 2751 sibi
2043 2694 2150 2752 soli
2205 2693 2388 2752 vicit?

401 2774 679 2835 ,Quorum
730 2775 957 2831 facinus
998 2784 1086 2832 est
1132 2792 1459 2845 commune,
1489 2793 1594 2831 cur
1647 2793 1764 2842 non
1819 2771 1891 2830 sit
1943 2791 2141 2828 eorum
2195 2773 2414 2847 praeda·

415 2851 779 2910 communis?
860 2851 969 2908 Jus
1015 2852 1380 2928 postulabas:
1423 2853 1526 2908 sed
1573 2851 1710 2927 quid
1767 2851 1840 2908 ad
1891 2852 2056 2908 rem'l
2109 2849 2238 2927 pluis
2289 2851 2389 2908 ille

412 2936 651 3005 poterat.
2207 2967 2216 2974 -

490 3007 715 3082 Itaque,
744 3006 1003 3067 excussis
1028 3007 1143 3066 tuis
1170 3007 1516 3080 vocibus,>et
1563 3007 1636 3066 ad
1679 3016 1736 3064 te
1769 3017 1832 3065 ‘et
1880 3007 1950 3064 ad
1990 3006 2212 3082 praedes
2238 3017 2388 3078 tuoe,

306 3100 377 3156 35
414 3085 845 3154 militesmisit3
887 3082 1044 3157 cum,
1075 3085 1313 3162 repente
1343 3107 1379 3144 a
1404 3097 1461 3144 te
1487 3085 1765 3163 praeclara
1793 3085 1896 3143 illa
1918 3085 2116 3143 tabula
2143 3085 2387 3161 prolata,

412 3164 509 3242 qui
550 3163 698 3222 risus
740 3163 1069 3222 hominum!
1127 3175 1347 3223 tantam
1375 3185 1500 3223 esse
1529 3166 1816 3223 tabulam!
1872 3175 1990 3221 tam
2032 3165 2238 3234 ναι-ἰῆς,
2267 3175 2389 3222 tam

414 3244 624 3302 multas
665 3243 1072 3319 possessioneS,
1100 3258 1177 3301 ex·
1214 3244 1423 3320 quibus
1465 3254 1672 3320 praeter,
1715 3252 1935 3319 partem
1980 3242 2214 3312 Miseni,
2243 3241 2388 3298 nihil

413 3332 556 3394 erat,
584 3323 735 3399 quod
765 3322 833 3393 is,
860 3321 959 3397 qui
988 3319 1434 3399 auctionaretur,
1461 3332 1654 3398 posset
1680 3341 1848 3378 suum
1877 3322 2090 3379 dicere.
2148 3320 2392 3377 Auctio-

413 3403 505 3460 nis
546 3401 680 3460 vero
723 3401 1064 3458 miserabilis
1108 3402 1448 3476 adspectus:
1511 3400 1684 3458 vestis
1725 3395 1986 3474 Pompeii
2027 3419 2145 3456 non
2185 3399 2388 3469 multa,

306 3490 379 3544 40
414 3499 595 3554 eaque
640 3480 973 3549 maculosa3
1040 3479 1299 3555 ejusdem
1340 3479 1601 3554 quaedam
1647 3488 1922 3554 argentea
1962 3496 2098 3534 vasa
2153 3478 2388 3546 collisa;

414 3558 645 3613 sordida
671 3557 963 3631 mancipia
984 3577 999 3626 ;
1044 3567 1107 3613 ut
1148 3553 1804 3632 doleremusquidquam
1835 3575 1962 3613 esse
1990 3575 2062 3612 ex
2102 3555 2214 3612 illis
2261 3555 2393 3612 reli-

414 3635 583 3707 quiis,
612 3636 760 3708 quod
790 3635 983 3692 videre
1012 3653 1323 3711 possemus.

496 3711 673 3768 Hanc
712 3721 905 3768 tamen
951 3712 1277 3771 auctionem
1322 3710 1577 3768 haeredes
1618 3711 1686 3768 L.
1727 3710 1959 3782 Rubrii,
1988 3710 2222 3767 decreto
2263 3709 2394 3766 Cae-

416 3789 580 3860 sarii-3,
608 3789 1039 3864 prohibuerunt.
1122 3789 1399 3847 Haerebat
1439 3789 1688 3847 nebulo:
1732 3787 1845 3866 quo
1875 3808 1938 3847 se
1967 3795 2228 3858 verteret,
2269 3806 2392 3844 non
