2698 4492
283 339 366 398 ω
811 339 1083 389 ORATIO
1128 339 1267 390 PRO
1309 339 1507 390 REGE
1552 337 1940 388 DEIOTARO.

391 483 732 553 audiebam;
773 501 890 542 non
917 492 1036 540 tam
1064 481 1338 540 afflictam
1380 483 1601 561 regiam
1648 483 2035 541 conditionem
2076 483 2363 552 dolebam,

389 561 563 642 quarn
617 563 690 620 de
735 559 991 620 fortunis
1015 561 1417 622 communibus
1456 563 1919 620 extimescebam.
1998 559 2177 632 Nam,
2206 580 2363 632 cum,

391 661 548 700 more
573 641 873 717 majorum,
901 640 974 697 de
1021 659 1183 698 servo
1225 639 1284 697 in
1331 641 1648 711 dominum,
1676 660 1750 698 ne
1786 640 2083 697 tormentis
2110 641 2363 713 quidem,

391 720 569 796 quaeri
621 720 796 777 liceat
851 719 939 795 (in
994 719 1108 794 qui
1143 719 1457 795 quaestione
1496 719 1653 777 dolor
1692 738 1886 776 veram
1926 737 2124 775 vocem
2152 719 2365 776 elicere

320 807 358 862 5
391 800 568 876 possit
606 799 780 856 etiam
824 798 898 855 ab
953 797 1196 877 invito)·
1183 841 1198 867 ,
1259 809 1489 856 exortus
1540 809 1629 855 est
1674 817 1889 868 servus,
1932 797 2050 872 qui,
2091 816 2263 872 quem
2304 797 2364 855 in

391 878 638 954 equuleo
665 877 948 954 appellare
974 895 1088 934 non
1113 887 1322 952 posset,
1352 895 1485 934 eum
1514 886 1815 934 accusaret
1841 876 2073 933 solutus.

473 956 554 1015 11.
623 956 927 1014 Perturbat
953 975 1066 1026 me,
1095 956 1205 1012 Cai
1233 955 1451 1027 Caesar,
1480 955 1655 1013 etiam
1684 955 1824 1012 illud
1852 955 2171 1024 interdum3
2214 955 2364 1030 quod

394 1046 608 1108 tamen,
657 1054 792 1093 cum
839 1044 896 1092 te
936 1001 1167 1111 penitus
1208 1033 1534 1110 recognovi,
1581 1034 1784 1092 timere
1828 1033 2063 1090 desino:
2105 1052 2168 1090 re
2208 1033 2364 1090 enim

397 1115 656 1192 iniquum
685 1124 790 1184 est,
818 1114 921 1171 sed
947 1115 1049 1170 tua
1093 1113 1375 1189 sapientia
1404 1112 1467 1169 fit
1494 1112 1899 1187 aequissimum.
1980 1110 2041 1168 N
2046 1130 2139 1168 am
2166 1112 2363 1178 dicere

295 1197 363 1250 10
399 1195 548 1289 apud
575 1213 708 1252 eum
738 1194 811 1250 de
858 1192 1134 1262 facinore,
1153 1197 1354 1248 cont'ra
1380 1191 1545 1267 cujus
1568 1192 1739 1247 vitam
1768 1190 2070 1266 consilium
2094 1190 2365 1250 facinoris
2434 1235 2442 1250 .

317 1285 378 1348 -Ι,
397 1271 574 1330 inisse
622 1289 882 1368 arguare,
913 1271 960 1327 si
1000 1289 1100 1346 per
1147 1269 1395 1345 seipsum
1437 1270 1783 1340 consideres,
1812 1289 1985 1346 grave
2032 1279 2154 1326 est.
2196 1287 2367 1327 nemo

397 1351 552 1408 enim
601 1350 720 1408 sere
769 1361 875 1420 est,
902 1349 1020 1425 qui,
1049 1347 1137 1404 sui
1177 1347 1421 1424 periculi
1458 1349 1653 1423 judex,
1682 1367 1797 1406 non
1832 1347 1942 1405 sibi
1970 1367 2031 1406 se
2060 1348 2365 1423 aequiorem

398 1427 572 1503 quam
619 1447 718 1486 reo
757 1428 1023 1502 praebeat.
1107 1426 1226 1484 Sed
1271 1435 1391 1497 tua,
1420 1426 1531 1484 Cai
1560 1428 1775 1499 Caesar,
1802 1437 2079 1504 praestans
2117 1427 2368 1503 singula-

397 1507 589 1582 risque
617 1517 822 1564 natura
849 1506 1005 1563 hunc
1041 1504 1181 1562 mihi
1229 1507 1446 1562 metu'm
1489 1505 1713 1562 minuit.
1793 1504 1930 1564 Non
1958 1506 2112 1563 enim
2142 1515 2261 1562 tam
2300 1506 2367 1563 ti-

295 1584 366 1640 15
399 1604 547 1656 meo,
595 1585 735 1660 quid
783 1603 844 1642 ιι
890 1585 963 1642 de
990 1603 1126 1661 rege
1169 1581 1462 1655 Deiotaro,
1492 1582 1664 1658 quam
1712 1584 1987 1661 intelligo,
2017 1584 2154 1659 quid
2196 1585 2267 1642 de
2308 1594 2366 1642 te

400 1675 638 1723 caeteros
665 1663 804 1721 velis
824 1663 1103 1740 judicare.
1186 1661 1422 1720 Moveor
1464 1663 1638 1720 etiam
1684 1662 1795 1720 loci
1839 1663 2017 1738 ipsius
2043 1663 2366 1735 insolentia,

305 1807 310 1812 ,
398 1741 555 1819 qudd
581 1753 799 1800 tantam
828 1760 1084 1813 causam,
1113 1751 1328 1816 quanta
1374 1742 1534 1800 nulla
1575 1760 1828 1816 unquam
1858 1741 1917 1798 in
1954 1742 2368 1818 disceptatione

400 1833 624 1880 versata
651 1832 756 1894 est,
785 1821 918 1880 dico
944 1821 1094 1878 intra
1121 1820 1463 1878 domesticos
1486 1820 1753 1896 parieteS,
1781 1821 1914 1878 dico
1938 1831 2100 1878 extra
2126 1840 2371 1879 conven-

400 1910 523 1958 tum
551 1911 606 1959 et
635 1920 762 1960 eam
793 1899 1191 1975 frequentiam,
1220 1899 1280 1956 in
1309 1899 1423 1973 qua
1468 1908 1753 1957 oratorum
1774 1900 1990 1966 ,studia
2017 1899 2122 1957 niti
2150 1899 2367 1958 solent:

293 1979 366 2034 20
402 1980 461 2037 in
513 1980 629 2036 tuis
667 1978 870 2050 oculis,
925 1978 985 2035 in
1039 1988 1138 2035 tuo
1188 1997 1286 2035 ore
1339 1977 1632 2053 vultuque,
1675 1978 2015 2054 acquiesco:
2071 1988 2129 2036 te
2188 1997 2367 2036 unum

401 2057 662 2118 intueor:
705 2059 778 2114 ad
831 2066 888 2114 te
930 2075 1110 2113 unum
1152 2055 1338 2114 omnis
1382 2074 1512 2112 mea
1555 2067 1775 2132 spectat
1798 2057 2017 2115 oratio:
2058 2076 2184 2131 quae
2225 2057 2369 2115 mihi

401 2136 474 2193 ad
533 2154 691 2212 spem
745 2134 1071 2193 obtinendae
1129 2134 1386 2192 veritatis
1442 2134 1779 2210 gravissima
1818 2144 1969 2206 sunt,
2026 2137 2098 2193 ad
2151 2147 2367 2194 motum

401 2213 598 2288 animi,
627 2224 686 2274 et
715 2214 787 2273 ad
827 2231 1056 2273 omnem
1101 2212 1377 2291 impetum
1424 2213 1677 2287 dicendi,
1706 2215 2263 2291 contentionemque,
2290 2215 2370 2275 le-

398 2313 570 2353 viora.

291 2376 364 2431 25
477 2374 653 2433 Hanc
680 2373 856 2444 enim,
886 2372 997 2431 Cai
1025 2370 1243 2444 Caesar,
1272 2390 1509 2429 causam
1537 2372 1586 2430 si
1614 2372 1673 2429 in
1701 2371 1822 2430 foro
1862 2372 2138 2445 dicerem,
2166 2374 2367 2431 eodem

399 2454 670 2511 audiente
697 2463 754 2511 et
781 2454 1137 2528 disceptante
1166 2462 1242 2523 te,
1269 2462 1543 2527 quantam
1590 2451 1732 2509 mihi
1781 2450 2137 2509 alacritatem
2176 2452 2369 2529 populi

399 2530 654 2590 Romani
701 2551 1016 2597 concursus
1063 2532 1327 2589 afferret!
1397 2530 1555 2591 Quis
1600 2530 1755 2588 enim
1804 2530 1947 2587 civis
1992 2530 2047 2588 ei
2091 2531 2213 2608 regi
2255 2551 2369 2590 non

400 2610 633 2682 faveret,
663 2611 828 2686 cujus
853 2628 1080 2668 omnem
1126 2619 1354 2666 aetatem
1401 2608 1463 2667 in
1503 2609 1694 2686 populi
1737 2608 1991 2666 Romani
2031 2610 2197 2668 bellis
2236 2630 2371 2668 con-

395 2700 680 2764 sumptam
736 2708 862 2746 esse
915 2688 1313 2745 meminisset?
1397 2688 1732 2777 Spectarem
1789 2687 2047 2744 curiam·
2032 2732 2046 2758 ‚
2117 2688 2369 2747 intuerer

291 2767 363 2820 30
398 2766 614 2836 sorum3
659 2766 869 2822 coelum
897 2766 1146 2838 denique
1173 2775 1414 2821 testarer
1443 2766 1643 2841 ipsum.
1728 2765 1849 2836 Sic,
1873 2785 2006 2823 cum
2029 2776 2087 2824 et
2113 2766 2369 2837 Deorum

397 2844 823 2914 immortalium,
851 2853 910 2900 et
933 2843 1123 2919 populi
1152 2843 1429 2913 Romani,
1457 2853 1516 2900 et
1559 2844 1811 2915 senatuS,
1859 2845 2142 2903 beneficia
2182 2846 2241 2903 in
2284 2865 2371 2903 re—

397 2940 529 2998 gem
569 2921 906 2979 Deiotarum
949 2921 1299 2992 recordarer,
1344 2921 1503 2979 nullo
1547 2922 1717 2979 modo
1756 2922 1898 2979 mihi
1943 2924 2143 2981 deesse
2181 2935 2371 3013 posset

395 3000 592 3058 oratio.
673 2998 829 3062 Quae
856 3000 1126 3096 quoniam
1175 3000 1506 3077 angustiora
1545 3001 1793 3077 parietes
1836 3000 2076 3072 faciunt,
2107 3003 2370 3077 actioque

398 3098 589 3137 causae
635 3078 882 3136 maxime
922 3077 1250 3137 debilitatur
1292 3078 1455 3149 loco;
1499 3090 1660 3136 tuum
1708 3089 1814 3151 est,
1843 3078 2059 3152 Coesar,
2108 3081 2205 3156 qui
2266 3100 2371 3157 pro

293 3160 365 3216 35
398 3157 592 3215 multis
634 3177 784 3233 saepe
829 3156 1042 3227 dixisti,
1071 3156 1210 3232 quid
1256 3176 1414 3215 nunc
1457 3158 1599 3215 mihi
1630 3158 1805 3215 animi
1850 3158 1943 3229 sit,
1974 3160 2045 3217 ad
2086 3169 2143 3217 te
2186 3159 2370 3236 ipsum

398 3237 643 3308 reserre3
687 3256 800 3311 quo
827 3234 1056 3295 facilius
1101 3246 1222 3292 tum
1271 3236 1509 3311 aequitas
1536 3247 1656 3307 tua,
1684 3247 1806 3295 tum
1829 3204 2102 3295 audiendi
2130 3238 2373 3315 diligen-

397 3316 498 3387 tia,
527 3317 749 3375 minuat
777 3318 929 3375 hanc
953 3315 1440 3392 perturbationem
1468 3334 1674 3373 meam.

479 3396 617 3468 Sed,
649 3406 954 3471 antequam
982 3396 1056 3452 de
1103 3394 1473 3452 accusatione
1520 3394 1643 3470 ipsa
1689 3394 1840 3466 dico,
1869 3394 1942 3451 de
1972 3406 2372 3453 accusatorum

398 3494 498 3550 spe
522 3494 711 3551 pauca
737 3475 966 3533 dicam:
1009 3474 1107 3549 qui
1152 3492 1287 3531 cum
1334 3472 1636 3531 videantur
1682 3493 1869 3548 neque
1912 3472 2145 3550 ingenio
2183 3494 2373 3555 neque

295 3550 367 3605 40
399 3571 506 3610 usu
536 3563 706 3627 atque
734 3553 1143 3611 exercitatione
1170 3570 1360 3609 rerum
1387 3552 1598 3623 valere,
1616 3561 1810 3610 tamen
1840 3551 1913 3609 ad
1941 3552 2093 3610 hanc
2114 3571 2371 3626 causam,

400 3649 512 3690 non
540 3629 666 3688 sine
695 3631 904 3705 aliqua
912 3650 1012 3706 spe
1031 3641 1088 3689 et
1117 3630 1483 3707 cogitatione,
1511 3641 1807 3689 venerunt.

479 3706 595 3766 ΙΙΙ.
665 3708 888 3765 Iratum
943 3720 1000 3766 te
1053 3709 1174 3785 regi
1222 3707 1497 3766 Deiotaro
1540 3708 1716 3767 fuisse
1769 3729 1883 3767 non
1931 3718 2097 3767 erant
2147 3709 2371 3768 nescii:

402 3787 673 3845 affectum
702 3787 861 3844 illum
891 3786 1230 3861 quibusdam
1262 3787 1639 3844 incommodis
1667 3798 1721 3845 et
1741 3782 2119 3859 detrimentis,
2144 3800 2372 3877 propter

399 3866 773 3925 offensionem
803 3864 978 3923 animi
1007 3864 1112 3934 tui,
1135 3864 1552 3921 meminerant:
1593 3876 1765 3940 teque
1811 3884 1946 3924 cum
1976 3864 2114 3923 huic
2142 3866 2371 3938 iratum,
