2698 4492
636 270 907 321 oaA‘mo
953 269 1093 319 rao
1134 252 1197 319 T‘.
1241 268 1472 350 Annio
1517 266 1817 319 Mlnomi.
2203 268 2310 327 121

236 414 429 493 populi
457 412 709 473 Romani
737 424 954 489 quanta
996 412 1209 470 fuerint
1254 414 1486 491 gaudia,
1509 412 1791 489 judicare.
1876 410 2096 469 Multas
2135 418 2220 469 ta-

238 514 375 552 men
409 493 529 569 jam
570 511 921 551 summorum
963 493 1364 567 imperatorum
1408 492 1756 549 clarissimas
1782 490 2052 548 victorias
2079 500 2216 547 aetas

240 583 436 631 nostra
499 572 659 643 vidit,
717 589 961 647 quarum
1016 570 1179 627 nulla
1232 590 1418 645 neque
1474 580 1591 629 tam
1649 570 1979 627 diuturnam
2022 569 2210 626 attulit

238 651 518 724 laetitiam,
548 669 660 707 nec
688 660 927 707 tantam.

322 729 603 787 Mandate
631 730 741 786 hoc
768 726 1079 796 memoriae,
1104 725 1347 801 judices·
1433 727 1614 801 Spero
1651 726 1834 783 multa
1857 746 1956 784 vos
1987 726 2218 783 liberos·
2278 732 2316 785 5

240 827 355 883 que
382 817 599 864 vestros
628 807 687 863 in
727 805 1024 881 republica
1065 806 1215 861 bona
1254 823 1380 862 esse
1420 806 1654 862 visuros
1739 804 1808 862 In
1850 805 1939 862 his
1979 804 2218 880 singulis

244 887 328 944 ita
368 904 590 961 semper
654 882 1071 953 existimabitis,
1116 882 1243 939 vivo
1283 882 1349 939 P.
1393 883 1617 953 Clodio,
1680 884 1824 940 nihil
1881 901 2080 941 eorum
2121 901 2218 939 vos

243 966 467 1027 visuros
511 963 702 1019 fuisse.
785 962 857 1019 In
885 980 1044 1036 spem
1083 960 1412 1032 maximam,
1443 969 1499 1017 et
1542 959 2048 1036 (quemadmodum
2090 980 2222 1017 con-

249 1043 391 1119 fido)
450 1040 824 1111 verissimam,
870 1040 1103 1097 adducti
1146 1058 1362 1110 sumus,
1406 1040 1562 1097 hunc
1607 1040 1792 1115 ipsum
1835 1057 2070 1109 annum,
2113 1039 2221 1095 hoc

250 1120 373 1195 ipso
428 1137 672 1183 summo,
716 1118 835 1177 viro
900 1118 1153 1189 consule,
1222 1118 1546 1195 compressa
1614 1118 1910 1175 hominum
1966 1117 2220 1187 licentia,
2253 1118 2322 1171 10

251 1197 661 1274 cupiditatibus
688 1197 901 1269 fractis,
930 1197 1153 1274 legibus
1180 1205 1239 1255 et
1258 1197 1496 1273 judiciis
1529 1196 1872 1268 constitutis,
1915 1196 2222 1253 salutarem

250 1276 466 1335 civitati
510 1276 644 1334 fore.
744 1276 805 1333 N
808 1296 905 1333 um
944 1275 1072 1353 quis
1126 1276 1299 1352 igitur
1353 1287 1440 1335 est
1494 1286 1612 1333 tam
1654 1277 1910 1346 domena,
1951 1275 2049 1351 qui
2089 1276 2220 1347 hoc,

245 1356 309 1413 P.
354 1356 561 1413 Clodio
599 1354 742 1427 vive,
784 1356 1117 1433 contingere
1154 1356 1407 1431 potuisse
1449 1356 1798 1413 arbitretur?
1853 1354 2066 1416 Quid?
2126 1373 2218 1425 ea,

244 1454 371 1509 quae
400 1433 629 1505 tenetiS,
656 1435 877 1511 privata
906 1444 1075 1511 atque
1101 1445 1308 1506 vestra,
1342 1436 1676 1493 dominante
1717 1434 1946 1491 homine
1989 1434 2216 1505 furioso,

244 1514 395 1589 quod
418 1514 512 1589 jus
538 1524 823 1589 perpetuae
850 1512 1221 1590 possessionis
1246 1514 1460 1572 habere
1486 1514 1845 1590 potuissent?
2248 1510 2316 1562 15

325 1591 563 1649 XXIX.
647 1591 783 1650 Non
852 1593 1047 1663 time0,
1110 1592 1359 1667 judiceS‚
1426 1612 1521 1662 ne,
1586 1592 1721 1649 odio
1786 1590 2220 1649 inimicitiarum

244 1690 507 1727 mearum
536 1669 943 1741 inflammatus,
971 1669 1246 1729 libentius
1273 1672 1401 1728 haec
1429 1671 1488 1728 in
1518 1671 1679 1727 illum
1708 1688 1968 1727 evomere
2003 1668 2219 1739 videar,

246 1746 423 1823 quam
452 1746 657 1805 verius,
740 1748 995 1819 Etenim,
1023 1749 1132 1806 etsi
1156 1750 1511 1826 praecipuum
1553 1768 1680 1805 esse
1708 1748 1954 1805 debebat
1971 1767 1985 1817 3
2027 1756 2221 1804 tamen

244 1828 331 1885 ita
370 1827 692 1885 communis
731 1838 855 1884 erat
893 1827 1153 1885 omnium
1193 1828 1289 1885 ille
1330 1828 1527 1899 hostia,
1557 1837 1619 1884 ut
1660 1826 1718 1884 in
1761 1825 2052 1883 communi
2091 1826 2224 1883 odio

240 1904 394 1983 pene
444 1907 737 1981 aequaliter
778 1916 1098 1965 versaretur
1148 1908 1345 1966 odium
1400 1925 1610 1964 meum.
1693 1905 1828 1963 Non
1881 1914 2065 1981 potest
2103 1904 2220 1962 dici
2247 1912 2318 1965 20

242 1986 404 2057 satia,
434 2004 508 2043 ne
534 1986 778 2061 cogitari
804 1986 1057 2061 quidem,
1087 1996 1366 2061 quantum
1405 1986 1466 2043 in
1508 1985 1606 2044 illo
1643 1984 1896 2055 sceleriS,
1943 1993 2220 2059 quantum

240 2064 425 2134 exitii,
455 2065 640 2122 fuerit.
722 2064 891 2127 Quin
918 2065 1003 2123 sic
1048 2066 1345 2137 attendite,
1390 2064 1632 2141 judiceS.
1715 2064 1941 2139 Nempe
1968 2065 2094 2120 haec
2135 2072 2222 2119 est

242 2143 485 2217 quaestio
509 2144 581 2200 de
609 2144 845 2201 interitu
870 2144 936 2201 P.
966 2145 1175 2203 Clodii.
1258 2144 1494 2221 Fingite
1543 2143 1786 2200 animis:
1828 2143 2023 2199 liberae
2063 2142 2222 2198 enim
2313 2184 2316 2187 .

246 2229 382 2278 sunt
410 2221 783 2297 cogitationes
809 2232 1035 2294 nostrae,
1064 2234 1141 2295 et,
1170 2243 1296 2299 quae
1336 2224 1553 2293 volunt,
1581 2222 1666 2280 sic
1707 2222 2020 2291 intuentur,
2049 2229 2113 2276 ut
2151 2238 2222 2276 ea

249 2298 561 2368 cernimuS,
602 2319 729 2372 quae
769 2301 1045 2359 videmus,
1128 2301 1364 2378 Fingite
1418 2301 1592 2376 igitur
1635 2299 1980 2376 cogitatione
2023 2297 2222 2374 imagi·
2246 2302 2322 2356 25

247 2395 386 2435 nem
414 2377 584 2452 hujus
627 2377 971 2435 conditionis
1017 2399 1180 2450 meae,
1222 2381 1269 2436 si
1310 2379 1523 2455 possim
1563 2379 1812 2448 efficere,
1839 2387 1904 2433 ut
1945 2376 2222 2434 Milonem

248 2455 576 2524 absolvatiS,
618 2456 721 2512 sed
781 2456 882 2527 ita,
938 2457 999 2513 si.
1028 2457 1091 2514 P.
1149 2458 1390 2515 Clodius
1455 2456 1737 2514 revixerit.
1833 2455 2000 2518 Quid
2065 2453 2224 2512 vultu

244 2533 596 2601 extimuistis
606 2535 927 2608 ‚Lquonam
956 2537 1124 2593 modo
1151 2537 1245 2593 ille
1275 2555 1371 2593 vos
1398 2535 1560 2592 vivus
1601 2535 1870 2606 afficeret,
1902 2553 2042 2609 quos
2081 2553 2226 2591 mor-

242 2622 382 2671 tuus
410 2612 569 2669 inani
611 2613 957 2689 cogitatione
995 2615 1317 2691 percussit?
1397 2613 1609 2676 Quid?
1651 2613 1699 2670 si
1747 2614 1866 2689 ipse
1908 2613 2018 2671 Cn.
2061 2613 2224 2670 Pom-

239 2693 428 2768 peiuS,
460 2691 557 2764 qui
598 2693 669 2753 ea
710 2692 917 2750 virtute
960 2713 1029 2752 ac
1071 2693 1297 2752 fortunii
1336 2703 1442 2764 est,
1487 2703 1549 2750 ut
1588 2713 1660 2750 ea
1696 2692 1942 2769 potuerit
1980 2711 2219 2769 semper,
2249 2696 2319 2751 30

239 2791 369 2847 quae
410 2781 824 2847 nemo'praeter
868 2772 1059 2841 illum3
1104 2773 1151 2830 si
1194 2773 1262 2843 is,
1306 2772 1560 2848 inquam,
1600 2771 1892 2849 potuisset,
1943 2781 2007 2829 ut
2043 2791 2222 2847 quaes-

241 2851 461 2908 tionem
490 2849 562 2907 de
590 2860 770 2908 morte
810 2851 875 2908 P.
906 2851 1098 2909 Clodii
1155 2852 1323 2922 ferre,
1367 2852 1452 2908 sic
1494 2850 1678 2927 ipsum
1721 2851 1792 2907 ab
1833 2850 2030 2909 inferis
2069 2851 2222 2908 exci-

200 2993 205 2996 ,
237 2939 397 2998 tare3
445 2939 633 2985 utrum
662 2930 875 3004 putatis
900 2928 1090 3006 potius
1108 2930 1395 2988 facturum
1424 2931 1640 2988 fuisse?
1701 2929 1893 2987 Etiam
1910 2931 1979 3000 si,
1997 2939 2221 3006 propter

241 3006 583 3078 amicitiam,
612 3008 881 3066 voluisset
921 3009 1083 3065 illum
1126 3010 1197 3066 ab
1238 3009 1438 3067 inferis
1478 3027 1768 3079 revocare,
1808 3019 2033 3085 propter
2075 3027 2220 3065 rem-

236 3086 539 3164 publicam
591 3105 707 3143 non
748 3087 993 3144 fecisset.
1102 3087 1247 3164 Ejus
1287 3087 1462 3164 igitur
1501 3089 1698 3145 mortis
1739 3088 1950 3144 sedetis
1990 3087 2220 3155 ultoreS,
2249 3083 2322 3136 35

240 3166 409 3240 cujus
458 3163 631 3220 vitam
678 3164 728 3220 si
766 3165 978 3240 putetis
1014 3185 1117 3242 per
1156 3186 1255 3224 vos
1294 3167 1517 3224 restitui
1557 3185 1740 3242 posse,
1781 3166 2008 3223 nolitis:
2051 3173 2109 3220 et
2151 3165 2222 3219 de

239 3244 367 3319 ejus
408 3261 559 3300 nece
598 3241 717 3300 lata
770 3243 1007 3316 quaestio
1046 3254 1151 3315 est,
1206 3246 1303 3320 qui
1346 3245 1395 3302 si
1456 3245 1662 3302 eadem
1714 3245 1843 3320 lege
1882 3242 2224 3300 reviviscere

236 3331 450 3400 posset,
481 3321 603 3378 lata
628 3320 721 3378 lex
759 3341 1053 3398 nunquam
1093 3334 1258 3381 esset.
1342 3323 1536 3399 Hujus
1576 3341 1714 3398 ergo
1755 3322 2085 3378 interfector
2125 3317 2224 3392 qui

236 3411 413 3472 esset,
445 3400 507 3457 in
538 3399 865 3457 confitendo
905 3401 977 3458 ab
1006 3401 1151 3460 iisne
1193 3421 1424 3478 poenam
1463 3402 1713 3470 timeret,
1755 3419 1896 3473 quos
1936 3396 2227 3455 liberavis-

234 3483 366 3540 set'!
434 3478 633 3538 Graeci
674 3479 933 3536 homines
974 3480 1229 3538 Deorum
1258 3483 1500 3539 honores
1539 3479 1800 3536 tribuunt
1839 3477 1912 3533 iis
1951 3475 2086 3531 viris
2127 3474 2224 3547 qui
2255 3483 2326 3536 «10

234 3571 513 3636 tyrannos
542 3568 909 3616 necaverunt.
991 3559 1145 3620 Quae
1194 3579 1301 3635 ego
1333 3559 1450 3615 vidi
1493 3555 1773 3614 Athenis!
1818 3573 1944 3628 quae
1993 3552 2119 3610 aliis
2167 3553 2226 3610 in

234 3639 477 3697 urbibus
518 3636 795 3694 Graeciae!
854 3657 997 3712 quas
1038 3657 1129 3694 res
1182 3637 1406 3693 divinas
1459 3635 1671 3691 talibus
1726 3632 2013 3689 institutas
2052 3629 2223 3686 viris!

232 3738 376 3794 quos
406 3717 652 3774 cantus!
697 3736 823 3790 quae
855 3717 1146 3773 carmina!
1202 3713 1484 3789 prope'ad
1531 3708 1974 3790 immortalitatis
2015 3717 2072 3764 et
2099 3706 2228 3762 reli-

233 3797 469 3874 gionem
486 3805 548 3854 et
564 3795 901 3852 memoriam
932 3805 1363 3850 consecrantur.
1446 3791 1568 3847 Vos
1595 3785 1741 3842 tanti
1770 3793 2226 3842 conservatorem

730 3874 798 3928 11
