2698 4492
376 284 491 345 122
868 284 1140 335 ORATIO
1186 283 1327 333 PRO
1369 283 1432 335 Τ.
1477 282 1708 333 ANNIO
1751 282 2050 333 MILONE.

474 426 687 505 populi,
738 428 887 486 tanti
938 428 1175 487 sceleris
1230 428 1492 499 ultorem,
1533 447 1648 485 non
1703 425 1874 485 modo
1929 426 2240 485 honoribus
2277 428 2455 487 nullis

480 506 761 578 afficietis,
816 508 919 565 sed
958 508 1133 565 etiam
1175 507 1249 565 ad
1289 506 1632 583 supplicium
1673 506 1796 582 rapi
1834 506 2177 582 patiemini'l
2259 508 2458 565 Confi-

478 594 712 655 teretur,
742 586 1127 655 confiteretur,
1156 586 1412 661 inquam,
1442 585 1492 642 si
1533 584 1782 654 fecisset,
1811 595 1871 641 et
1910 603 2122 661 magno
2163 586 2356 643 animo
2395 596 2456 644 et

478 664 693 721 libente
737 684 799 722 se
840 665 1067 735 secisse,
1110 664 1390 721 libertatis
1429 663 1686 722 omnium
1729 664 1941 720 causa:
2000 664 2151 738 quod
2193 665 2253 723 ei
2290 664 2452 721 certe

407 751 445 804 5
480 761 593 801 non
622 742 1007 801 confitendum
1038 742 1206 800 modo
1249 743 1468 813 fuisset,
1498 740 1695 799 verum
1723 741 1896 799 etiam
1923 742 2370 818 praedicandum.

558 820 761 879 XXX.
846 822 1099 892 Etenim,
1144 821 1193 878 si
1236 821 1295 879 id
1342 842 1457 879 non
1505 830 1698 897 negat,
1727 840 1799 877 ex
1825 838 1938 895 quo
1964 820 2109 878 nihil
2135 822 2295 897 petit,
2339 822 2456 880 nisi

396 924 403 929 ·
482 909 546 956 ut
585 901 946 977 ignoscatur5
1008 901 1296 958 dubitaret
1353 900 1412 957 id
1469 899 1654 970 fateri,
1697 918 1766 957 ex
1823 918 1936 973 quo
1989 899 2164 956 etiam
2217 902 2459 976 praemia

482 978 669 1035 laudis
696 990 887 1037 essent
912 980 1199 1055 petenda?
1240 979 1354 1037 nisi
1381 976 1514 1036 verb
1543 977 1762 1055 gratius
1801 987 1962 1053 putat
1989 997 2114 1035 esse
2154 979 2332 1049 vobis,
2363 980 2457 1038 sui

484 1077 545 1115 se
574 1056 799 1134 capitis,
829 1058 1003 1133 quam
1045 1059 1239 1129 vestri,
1287 1058 1644 1115 defenset-em
1686 1056 1895 1125 suisse3
1939 1053 2076 1113 cum
2113 1058 2455 1131 praesertim,

382 1144 449 1197 10
486 1136 545 1193 in
572 1136 643 1193 ea
672 1137 1047 1209 confessione,
1076 1137 1123 1193 si
1152 1136 1301 1213 grati
1340 1155 1466 1193 esse
1506 1135 1745 1206 velletiS,
1775 1136 2016 1192 honores
2058 1148 2459 1210 assequeretur

486 1216 877 1291 amplissimos.
962 1216 1027 1272 Si
1070 1216 1285 1273 factum
1326 1214 1486 1272 vobis
1525 1233 1639 1272 non
1679 1214 2034 1290 probaretur,
2098 1213 2456 1289 (quanquam

484 1294 582 1367 qui
623 1304 843 1369 poterat
896 1294 1050 1351 salus
1103 1312 1207 1350 sua
1238 1292 1460 1367 cuique
1513 1312 1628 1350 non
1679 1292 1906 1369 probari
1927 1293 1978 1365 Τ)
2029 1294 2129 1349 sed
2170 1303 2363 1350 tamen
2405 1294 2458 1351 si

484 1368 677 1427 minus
705 1372 993 1429 fortissimi
1022 1372 1127 1429 viri
1174 1371 1354 1428 virtus
1393 1372 1618 1429 civibus
1659 1380 1821 1448 grata
1863 1369 2200 1439 cecidisset;
2243 1390 2460 1448 magno

486 1449 679 1507 animo
704 1450 1103 1524 constantique
1142 1451 1378 1509 cederet
1415 1470 1488 1507 ex
1520 1450 1745 1526 ingrata
1787 1448 2037 1507 civitate.
2119 1449 2274 1506 Nam
2316 1452 2458 1524 quid

382 1531 450 1585 15
484 1536 635 1584 esset
687 1528 986 1604 ingratius,
1044 1527 1217 1603 quam
1272 1528 1452 1586 laetari
1509 1540 1766 1601 caeteros,
1825 1527 2024 1605 lugere
2079 1547 2212 1585 eum
2253 1530 2456 1601 solum,

483 1619 706 1683 propter
735 1627 905 1683 quem
934 1607 1127 1665 caeteri
1154 1608 1524 1665 laetarentur'l

563 1684 919 1761 Quanquam
973 1688 1083 1745 hoc
1142 1686 1334 1744 animo
1393 1705 1614 1763 semper
1656 1686 1868 1744 fuimus
1921 1703 2120 1743 omnes
2161 1685 2219 1743 in
2258 1685 2458 1762 patriae

485 1765 865 1841 proditoribus
922 1766 1326 1842 opprimendis,
1369 1775 1451 1836 ut,
1495 1765 1765 1838 quoniam
1823 1774 2015 1823 nostra
2077 1764 2268 1822 futura
2306 1775 2460 1822 esset

528 1843 686 1914 loria,
726 1844 1046 1920 periculum
1085 1863 1311 1919 quoque
1365 1853 1424 1901 et
1475 1843 1750 1901 invidiam
1803 1854 2053 1901 nostram
2109 1854 2456 1919 putaremus

380 1928 453 1981 20
486 1864 643 1979 {lam
685 1941 812 1996 quae
852 1923 995 1980 mihi
1036 1922 1143 1999 ipsi
1181 1922 1490 1980 tribuenda
1543 1923 1670 1979 laus
1727 1933 1899 1993 esset,
1942 1920 2075 1979 cum
2133 1932 2355 1979 tantum
2397 1923 2460 1980 in

488 2001 786 2057 consulatu
815 2018 945 2058 meo
969 2021 1071 2077 pro
1096 2001 1254 2058 vobis
1282 2019 1353 2057 ac
1379 2000 1574 2059 liberis
1599 2001 1802 2058 vestris
1843 2020 2015 2058 ausus
2041 2020 2244 2073 essem,
2287 2000 2334 2057 si
2377 2002 2462 2075 id,

488 2078 638 2152 quod
679 2080 951 2149 conabar,
1000 2079 1125 2137 sine
1178 2078 1443 2135 maximis
1481 2079 1949 2138 dimicationibus
2002 2080 2146 2137 meis
2186 2099 2280 2137 me
2332 2098 2458 2137 esse

490 2175 761 2214 ausurum
792 2156 1135 2215 arbitrarer?
1175 2157 1330 2219 Quae
1359 2157 1564 2215 mulier
1591 2159 1934 2217 sceleratum
1977 2177 2048 2216 ac
2073 2159 2464 2235 perniciosum

488 2235 671 2295 civem
728 2236 997 2294 occidere
1056 2257 1171 2295 non
1232 2237 1487 2308 auderet,
1548 2237 1598 2295 si
1655 2237 1973 2314 periculum
2035 2259 2148 2296 non
2190 2239 2460 2298 timeret?

381 2323 455 2376 25
489 2315 781 2392 Proposita
810 2316 1046 2388 invidia,
1076 2327 1275 2388 morte,
1302 2317 1492 2392 poena,
1522 2317 1620 2391 qui
1659 2317 1841 2375 nihilo
1879 2315 2116 2394 segnius
2153 2318 2461 2392 rempubli-

490 2414 619 2453 cam
662 2395 938 2467 defendit,
980 2396 1031 2452 is
1068 2396 1153 2452 vir
1193 2395 1326 2453 vere
1368 2397 1655 2472 putandus
1695 2406 1797 2454 est.
1838 2464 1846 2470 ,
1906 2396 2106 2473 Populi
2162 2396 2308 2474 grati
2349 2407 2456 2467 est,

488 2474 737 2551 praemiis
765 2473 995 2533 afficere
1035 2474 1183 2532 bene
1212 2475 1444 2532 meritos
1473 2476 1545 2532 de
1572 2474 1867 2551 republica
1902 2475 2089 2545 cives;
2131 2476 2236 2533 viri
2278 2475 2456 2547 fortis,

488 2572 564 2611 ne
592 2553 885 2629 suppliciis
913 2553 1145 2629 quidem
1173 2554 1406 2623 moveri,
1437 2565 1500 2610 ut
1529 2554 1744 2615 fortiter
1774 2553 1980 2612 fecisse
2005 2555 2297 2630 paeniteat.

563 2630 981 2702 Quamobrem,
1014 2641 1269 2689 uteretur
1313 2633 1519 2689 eadem
1567 2633 1924 2690 confessione
1958 2631 2032 2689 T.
2063 2633 2313 2703 AnniuS,
2343 2635 2457 2706 qua

383 2711 455 2765 30
488 2708 700 2779 Ahala,
746 2710 862 2784 qua
904 2709 1145 2780 Nasica,
1175 2710 1289 2784 qua
1334 2709 1624 2785 Opimius,
1653 2711 1766 2786 qua
1810 2710 2054 2782 MariuS,
2082 2712 2195 2787 qua
2237 2721 2459 2768 nosmet

488 2785 630 2862 ipsi:
672 2796 749 2857 et,
778 2787 827 2844 si
868 2796 1033 2863 grata
1070 2787 1397 2863 respublica
1435 2800 1606 2860 esset,
1635 2790 1953 2860 laeteretur;
1997 2789 2046 2846 si
2087 2789 2332 2868 ingrata,
2374 2801 2458 2847 ta-

488 2882 642 2934 men,
672 2863 731 2921 in
760 2865 919 2942 gravi
948 2865 1194 2935 fortuna,
1224 2865 1581 2924 conscientia
1610 2867 1715 2924 sua
1743 2869 2036 2926 niteretur.

569 2942 688 2999 Sed
715 2943 884 3018 hujus
925 2943 1195 3000 beneficii
1242 2944 1510 3020 gratiam,
1551 2945 1797 3021 judiceS,
1846 2947 2072 3006 fortuna
2108 2948 2300 3024 populi
2340 2947 2460 3006 Ro-

489 3021 666 3091 mani,
696 3030 753 3078 et
780 3030 969 3078 vestra
996 3020 1259 3092 felicitaS,
1283 3033 1338 3080 et
1369 3023 1469 3080 Dii
1499 3024 1864 3096 immortaleS,
1887 3025 1996 3082 sibi
2015 3026 2211 3084 deberi
2237 3035 2455 3103 putant.

384 3103 457 3163 35
489 3099 622 3157 Nec
662 3097 797 3156 vero
838 3099 1136 3175 quisquam
1182 3101 1344 3158 aliter
1387 3103 1647 3160 arbitrari
1691 3114 1893 3180 potest,
1937 3105 2050 3162 nisi
2091 3105 2190 3182 qui
2242 3105 2458 3163 nullam

488 3178 603 3236 vim
632 3197 758 3236 esse
786 3178 966 3249 ducit,
996 3197 1281 3237 numenve
1306 3180 1566 3238 divinum
1593 3201 1605 3238 :
1648 3202 1816 3258 quem
1858 3203 2046 3259 neque
2073 3184 2297 3260 imperii
2339 3203 2460 3240 ves-

488 3258 562 3316 tri
590 3257 945 3334 magnitude,
974 3277 1159 3333 neque
1200 3259 1281 3316 sol
1323 3258 1439 3330 ille,
1481 3280 1592 3317 nec
1633 3261 1763 3319 coeli
1811 3261 2214 3338 signorumque
2253 3272 2460 3332 motuS,

490 3357 601 3395 nec
642 3337 1065 3394 vicissitudines
1106 3356 1297 3394 rerum
1340 3348 1509 3414 atque
1549 3340 1780 3398 ordines
1820 3351 2066 3411 movent,
2109 3361 2296 3416 neque
2351 3339 2462 3418 (id,

491 3416 643 3490 quod
686 3417 998 3474 maximum
1040 3416 1154 3494 est)
1200 3417 1478 3492 majorum
1524 3428 1841 3476 nostrorum
1884 3418 2194 3494 sapientia3
2238 3419 2336 3495 qui
2377 3438 2465 3476 sa-

389 3493 458 3546 40
492 3513 611 3564 cra,
639 3494 738 3567 qui
767 3494 1143 3565 caerimoniaS,
1188 3497 1284 3570 qui
1328 3496 1604 3571 auspicia,
1639 3507 1696 3554 et
1737 3497 1844 3573 ipsi
1884 3499 2245 3556 sanctisslme
2276 3497 2467 3556 colue-

490 3581 643 3640 runt,
673 3581 730 3629 et
757 3573 941 3642 nobiS,
972 3573 1089 3630 suis
1114 3574 1374 3650 posteriS,
1401 3575 1790 3650 prodiderunt.

570 3648 807 3706 XXXI.
890 3651 1015 3721 Est,
1044 3662 1131 3709 est
1176 3651 1432 3726 profecto
1476 3653 1574 3710 illa
1601 3655 1722 3711 vis:
1764 3674 1971 3729 neque,
2002 3654 2062 3711 in
2091 3655 2180 3712 his
2221 3655 2469 3731 corpori-

495 3727 600 3784 bus
642 3737 811 3801 atque
853 3727 913 3785 in
954 3730 1066 3786 hac
1106 3729 1504 3789 imbecillitate
1544 3732 1757 3803 nostra,
1801 3733 1950 3790 inest
1987 3733 2282 3808 quiddam,
2312 3736 2469 3808 quod

494 3805 683 3883 vigeat
708 3815 767 3863 et
793 3807 1034 3877 sentiam
1076 3817 1135 3864 et
1161 3827 1273 3865 non
1304 3808 1453 3865 inest
1481 3809 1538 3866 in
1568 3811 1678 3870 hoc
1718 3821 1878 3868 tanto
1917 3822 2136 3868 naturae
2166 3821 2284 3868 tam
2323 3831 2471 3888 prae·
