2698 4492
326 302 442 359 150
920 298 1195 349 ORATIO
1238 298 1313 349 IN
1353 299 1429 349 M.
1464 298 1866 349 ANTONIUM.
1939 256 1942 259 ἢ

420 440 689 499 involuto·
772 439 1017 511 sanim,
1056 440 1215 503 Quis
1260 443 1371 499 tu'l
1453 442 1510 498 A
1560 440 1764 499 Marco
1810 441 2159 499 tabellarius.
2243 442 2404 499 Con-

420 519 607 577 festim
639 520 708 576 ad
738 538 888 589 eam,
918 520 1086 595 cujus
1125 521 1305 577 causa
1332 530 1588 591 venerat,
1617 520 1954 595 deduciturj
1995 520 2166 595 eique
2191 522 2405 595 episto-

418 597 534 654 lam
576 597 764 656 tradit.
845 598 1045 660 Quam
1088 595 1223 655 cum
1266 599 1364 655 illa
1405 598 1622 675 legeret
1662 597 1826 668 flenS,
1860 597 2012 674 (erat
2051 599 2206 655 enim
2247 618 2404 655 ama-

418 673 561 733 torie
613 676 864 751 scripta:
920 686 1095 752 caput
1148 687 1342 734 autem
1383 676 1696 747 literarum,
1739 677 1849 734 sibi
1890 696 2026 733 cum
2068 676 2167 734 illa
2221 676 2402 733 mima

354 760 401 815 5.
418 755 657 829 posthac
698 754 841 812 nihil
883 754 1174 812 futurum:
1215 774 1446 813 omnem
1488 774 1550 813 se
1596 774 1846 813 amorem
1891 754 2172 829 abjecisse
2216 755 2400 826 illinc,

420 842 589 907 atque
632 832 692 889 in
734 834 884 890 hanc
926 833 1328 913 transfudisse)
1361 830 1496 890 cum
1527 834 1730 891 mulier
1759 832 1920 891 fleret
1945 831 2202 903 uberius,
2221 835 2402 891 homo

420 910 747 969 misericors
776 911 921 969 ferre
952 930 1066 969 non
1107 912 1324 988 potuit:
1370 922 1545 987 caput
1585 912 1841 987 aperuit;
1884 912 1944 969 in
1987 912 2198 968 collum
2243 912 2401 968 inva-

420 988 512 1046 sit.
595 988 654 1046 Ο
682 990 975 1047 hominem
1004 991 1284 1065 nequam!
1332 990 1495 1067 (quid
1524 991 1680 1047 enim
1729 990 1882 1047 aliud
1931 990 2170 1046 dicam?
2213 990 2400 1065 magis

418 1067 647 1143 proprie
689 1068 833 1125 nihil
874 1087 1105 1143 possum
1154 1068 1396 1147 dicere.)
1481 1068 1658 1145 Erg0,
1687 1080 1750 1126 ut
1789 1068 2247 1137 tezcatamitum,
2285 1088 2402 1125 nec

322 1149 391 1202 10
420 1144 654 1221 opinato
710 1144 846 1204 cum
899 1148 1268 1217 ostendisses,
1307 1156 1512 1223 praeter
1564 1166 1725 1222 spem
1779 1147 1984 1205 mulier
2053 1147 2398 1221 adspiceret,

420 1224 639 1283 idcirco
680 1225 894 1283 Urbem
945 1234 1157 1282 terrore
1198 1236 1501 1295 nocturno,
1547 1224 1773 1283 Italiam
1823 1226 2130 1283 multorum
2173 1224 2400 1281 dierum

420 1314 598 1373 metu,
626 1302 1006 1378 perturbasti!
1090 1302 1167 1361 Et
1206 1303 1362 1361 domi
1401 1304 1633 1378 quidem
1676 1322 1913 1361 causam
1955 1304 2162 1363 amoris
2195 1301 2401 1379 [habu-

420 1380 576 1515 istiii]
649 1379 784 1437 foris
836 1380 1011 1438 etiam
1064 1381 1396 1457 turpiorem,
1435 1394 1524 1439 'ne
1578 1382 1646 1439 L.
1702 1382 1955 1439 Plancus
2006 1382 2228 1457 praedes
2268 1392 2400 1439 tuos

420 1476 526 1515 ven
572 1468 709 1515 eret.
732 1502 768 1531 ‚
792 1459 1115 1517 Productus
1144 1470 1334 1517 autem
1366 1460 1424 1517 in
1469 1460 1814 1519 concionem
1843 1479 1878 1517 a
1917 1460 2150 1517 tribuno
2193 1460 2399 1535 plebis,

322 1536 391 1589 15
422 1532 557 1594 cum
586 1537 996 1613 respondisseS,
1025 1548 1083 1595 te
1110 1539 1195 1595 rei
1237 1548 1351 1597 tuae
1400 1538 1579 1597 causa
1629 1538 1875 1610 venisse,
1905 1537 2180 1615 populum
2223 1538 2400 1595 etiam

385 1624 397 1635 “
419 1615 685 1676 dicacem
716 1616 774 1673 in
805 1626 861 1672 te
896 1616 1215 1674 reddidisti.

500 1693 767 1753 XXXII.
852 1696 968 1752 Sed
996 1695 1167 1753 nimis
1192 1696 1371 1753 multa
1387 1696 1469 1753 de
1497 1696 1702 1773 nugis:
1743 1695 1814 1754 ad
1840 1694 2056 1770 majora
2078 1693 2398 1752 veniamus·

422 1773 639 1831 Caesari
682 1792 755 1831 ex
793 1773 1080 1849 Hispania
1117 1774 1383 1833 redeunti
1417 1775 1644 1833 obviam
1683 1771 2018 1851 longissime
2050 1773 2399 1849 processisti.

422 1851 703 1909 Celeriter
725 1867 729 1871 ’
750 1850 867 1923 isti,
924 1852 1142 1921 redisti,
1191 1864 1253 1910 ut
1297 1848 1675 1929 cognosceret
1720 1862 1799 1923 te,
1841 1852 1891 1910 si
1938 1848 2133 1909 minus
2174 1851 2400 1923 sortem,

320 1932 392 1987 ⁸20
424 1940 676 1987 attamen
717 1941 1035 1988 strenuum.
1119 1931 1337 1988 Factus
1380 1950 1444 1988 es
1485 1932 1540 1987 ei
1589 1950 1806 2002 rursuS,
1851 1930 2051 1988 nescio
2092 1930 2400 2005 quomodo,

422 2008 734 2065 familiaris.
818 2008 1093 2067 Habebat
1120 2010 1230 2065 hoc
1262 2009 1503 2067 omnino
1531 2010 1762 2067 Caesar:
1804 2026 1973 2084 quern
2003 2006 2175 2084 plane
2217 2009 2406 2083 perdi·

420 2095 543 2143 tum
588 2105 699 2143 aere
742 2085 949 2157 alieno,
990 2097 1390 2181 egentemque,
1433 2088 1482 2147 si
1521 2088 1772 2147 eundem
1815 2106 2060 2162 nequam
2111 2087 2403 2144 hominem

424 2165 817 2239 audacemque
867 2175 1167 2242 cognorat,
1211 2167 1369 2223 hunc
1417 2165 1476 2223 in
1526 2166 1968 2224 familiaritatem
2020 2163 2402 2222 libentissime

427 2243 755 2320 recipiebat.
842 2242 952 2302 His
982 2244 1154 2322 igitur
1195 2244 1366 2303 rebus
1393 2242 1668 2320 praeclare
1712 2243 2168 2315 commendatus,
2211 2243 2405 2319 jussus

320 2322 391 2378 25
427 2342 491 2379 es
516 2323 833 2381 renuntiari
866 2324 1088 2393 consul,
1116 2334 1175 2380 et
1218 2323 1450 2399 quidem
1495 2343 1627 2381 cum
1672 2323 1811 2399 ipso.
1895 2321 2060 2379 Nihil
2088 2342 2292 2398 queror
2329 2323 2406 2380 de

436 2401 751 2472 Dolabella,
779 2402 874 2478 qui
918 2415 1040 2460 tum
1078 2412 1170 2460 est
1217 2402 1516 2478 impulsus,
1547 2403 1836 2472 inductae,
1865 2401 2074 2459 elusus.
2157 2401 2298 2462 Qua
2344 2401 2406 2458 in

432 2499 495 2536 re
521 2492 737 2555 quanta
781 2481 950 2540 fuerit
991 2481 1284 2557 utriusque
1328 2481 1578 2540 vestrum
1620 2478 1864 2557 perfidia
1910 2480 1970 2537 in
2023 2479 2404 2550 Dolabellam,

428 2559 556 2632 quis
585 2560 851 2636 ignorat?
930 2559 1040 2618 Ille
1070 2560 1315 2630 induxit,
1344 2571 1410 2617 ut
1435 2570 1685 2635 peteret:
1728 2558 2070 2634 promissum
2111 2568 2170 2614 et
2209 2576 2406 2633 recep-

431 2646 551 2694 tum
582 2636 917 2708 intervertit,
948 2639 1018 2695 ad
1048 2658 1221 2713 seque
1250 2639 1571 2696 transtulit:
1615 2650 1675 2695 tu
1704 2637 1829 2712 ejus
1869 2636 2122 2712 perfidiae
2150 2636 2408 2694 volunta-

238 2763 242 2769 .
322 2711 393 2766 30
431 2725 545 2771 tem
589 2725 745 2772 tuam
788 2715 1159 2791 adscripsisti.
1242 2716 1502 2773 Veniunt
1545 2716 1819 2773 Calendae
1861 2714 2190 2775 Januariae:
2249 2715 2406 2790 cogi-

429 2810 557 2848 mur
599 2792 659 2848 in
700 2803 997 2850 senatum:
1042 2794 1303 2851 invectus
1342 2804 1430 2850 est
1473 2792 1761 2869 copiosius
1801 2791 1981 2852 multo
2025 2793 2084 2850 in
2131 2793 2302 2850 istum
2346 2803 2408 2850 et

427 2867 683 2944 paratius
711 2870 1031 2938 Dolabella,
1062 2869 1235 2946 quam
1278 2890 1437 2928 nunc
1463 2891 1588 2948 ego.
1673 2872 1808 2930 Hic·
1837 2883 2030 2930 autem
2075 2871 2251 2928 iratus
2278 2889 2406 2947 quae

429 2947 594 3017 dixit,
624 2947 722 3004 Dii
753 2948 885 3004 boni
910 2950 923 3006 !
1582 2997 1584 3001 .
1759 2961 1765 2966 '

508 3023 786 3096 Primum,
816 3023 949 3083 cum
982 3027 1179 3086 Caesar
1204 3027 1568 3099 ostendisset,
1597 3047 1678 3100 se,
1707 3029 2038 3105 priusquam
2079 3028 2408 3104 proficisce-

322 3101 394 3158 35
430 3114 605 3176 retur,
654 3104 1014 3162 Dolabellam
1060 3107 1356 3164 consulem
1411 3127 1538 3166 esse
1574 3107 1904 3183 jussurum3
1951 3105 2150 3183 (quem
2193 3117 2409 3183 negant

359 3243 367 3251 ,
429 3202 646 3260 regem,
700 3183 797 3260 qui
839 3194 897 3240 et
938 3185 1155 3243 faceret
1206 3205 1430 3261 semper
1471 3186 1752 3262 ejusmodi
1795 3186 2028 3260 aliquid,
2055 3197 2116 3243 et
2155 3186 2402 3264 diceret)

431 3263 533 3318 sed
574 3260 709 3320 cum
752 3263 948 3320 Caesar
990 3263 1069 3321 ita
1110 3265 1381 3334 dixisset3
1450 3275 1570 3322 tum
1608 3265 1706 3322 hic
1749 3265 1932 3323 bonus
1981 3283 2183 3340 augur,
2225 3283 2296 3321 eo
2345 3281 2410 3322 se

432 3342 751 3401 sacerdotio
778 3343 1076 3419 praeditum
1118 3362 1245 3402 esse
1286 3343 1450 3414 dixit,
1479 3354 1544 3401 ut
1583 3342 1816 3400 comitia
1859 3343 2130 3418 auspiciis
2172 3343 2259 3398 vel
2307 3341 2410 3398 im—

426 3421 627 3492 pedire
657 3422 743 3478 vel
772 3421 973 3478 vitiare
1000 3433 1193 3496 posset
1217 3441 1229 3478 :
1276 3422 1446 3498 idque
1473 3441 1536 3478 se
1578 3421 1863 3479 facturum
1891 3441 2018 3480 esse
2047 3419 2406 3478 asseveravit.

326 3493 397 3548 40
434 3495 505 3552 In
560 3517 672 3573 quo
718 3497 966 3573 primum
1010 3499 1408 3557 incredibilem
1451 3499 1838 3575 stupiditatem
1880 3499 2128 3558 hominis
2169 3517 2412 3575 cognos-

366 3630 370 3634 .
434 3574 565 3631 cite.
647 3576 812 3638 Quid
868 3578 1071 3635 enim'!
1142 3577 1311 3648 istuc,
1367 3579 1518 3653 quod
1566 3587 1622 3634 te
1686 3577 1993 3636 sacerdotii
2048 3579 2176 3654 jure
2218 3577 2411 3634 facere

430 3671 597 3726 posse
638 3652 849 3724 dixisti,
880 3655 929 3712 si
972 3674 1150 3730 augur
1178 3675 1293 3713 non
1322 3674 1498 3727 esseS,
1528 3667 1586 3713 et
1633 3657 1833 3714 consul
1881 3676 2058 3727 esseS,
2087 3653 2280 3712 minus
2329 3655 2411 3712 sa-

434 3748 567 3786 cere
593 3731 919 3806 potuisses?
1000 3733 1173 3804 Vide,
1204 3753 1279 3790 ne
1306 3734 1480 3790 etiam
1512 3733 1776 3792 facilins:
1846 3755 1952 3792 nos
1979 3735 2135 3792 enim
2184 3733 2414 3791 nuntia-

432 3807 648 3864 tionem
700 3806 884 3865 solum
941 3811 1253 3881 habemus3
1322 3813 1591 3869 consules
1653 3823 1712 3869 et
1779 3813 1981 3888 reliqui
2045 3813 2413 3888 magistratus
2489 3874 2494 3880 ,
