2698 4492
808 249 1081 301 ORATIO
1126 249 1268 299 PRO
1312 249 1388 298 M.
1431 246 1851 299 MARCELno.
2344 251 2426 310 67

340 393 593 466 fuerunt,
624 403 721 452 aut
750 393 855 451 sua
880 391 1204 470 pertinacia
1248 391 1426 449 vitam
1473 390 1809 461 amiserunt,
1839 400 1940 448 aut
1963 387 2066 448 tui
2101 389 2322 448 miseri-

338 474 537 532 cordia
564 474 957 542 retinuerunt3
999 481 1065 529 ut
1104 480 1205 559 aut
1249 470 1394 528 1111111
1435 469 1719 547 supersint
1765 435 1840 528 d’e
1885 468 2159 540 inimicis,
2201 479 2322 542 aut,

337 553 435 628 qui
465 553 888 648 superfuerunt,
916 516 1034 608 sint
1062 547 1416 608 amicissimi.

420 632 537 688 Sed
566 640 783 700 tamen,
812 649 950 688 cum
978 629 1037 686 in
1070 627 1279 685 animis
1304 626 1602 685 hominum
1640 637 1816 686 tmtae
1854 626 2089 688 latebras
2117 625 2234 684 sint
2261 636 2320 686 et

336 710 485 766 tanti
545 728 830 779 recessus,
886 724 1204 784 augeamus
1262 704 1403 762 sane
1460 706 1844 782 suspicionem
1896 715 2085 764 tuam:
2147 705 2318 765 simul
2387 717 2426 772 5

339 787 498 845 enim
543 787 884 877 augebimus
926 759 1305 871 diligentiam.
1407 782 1564 840 Nam
1607 785 1736 859 quis
1777 793 1866 842 est
1901 783 2160 842 omnium
2200 794 2320 842 tam

342 865 579 941 ignarus
620 872 835 934 rerum,
863 873 985 920 tam
1026 862 1186 920 rudis
1228 881 1289 919 ιιι
1330 880 1396 919 re
1435 862 1691 951 publica,
1717 873 1838 920 tam
1883 862 2026 921 nihil
2068 882 2322 937 unquam

342 963 455 1000 1155
483 943 558 1000 (15
585 961 691 999 sua
719 961 833 1000 1155
860 942 933 998 (15
960 939 1253 998 501111111ιηί
1280 939 1466 998 salute
1509 940 1790 1016 cogitans,
1819 940 1917 1014 qui
1958 960 2074 998 non
2117 941 2324 1000 intelli-

344 1031 465 1096 gat,
485 1020 589 1076 tua
616 1020 802 1078 salute
845 1018 1127 1077 contineri
1170 1036 1359 1088 suam,
1387 1027 1447 1076 et
1488 1037 1562 1076 ex
1589 1019 1760 1078 unius
1791 1019 1892 1076 tua
1919 1019 2036 1075 vita
2073 1021 2324 1095 pendere

344 1098 645 1156 omnium?
727 1098 1035 1173 Equidem,
1064 1097 1137 1154 de
1164 1106 1221 1154 te
1249 1097 1374 1154 dies
1417 1107 1736 1171 noctesque
1781 1096 1874 1173 (ut
1919 1097 2128 1174 debeo)
2173 1098 2327 1174 cogi-
2360 1105 2428 1158 10

346 1186 495 1247 tane,
526 1195 695 1234 casus
722 1177 999 1234 duntaxat
1046 1177 1343 1245 humanos,
1373 1184 1432 1232 et
1475 1175 1726 1234 incertos
1767 1185 2008 1234 eventus
2049 1176 2327 1234 valetudi-

343 1254 453 1325 1115,
482 1264 541 1312 et
580 1264 797 1312 naturae
838 1253 1161 1312 communis
1200 1220 1590 1330 flagilitatem,
1633 1255 1983 1312 extimesco:
2025 1254 2322 1329 doleoque,

342 1351 480 1390 511111
506 1333 829 1430 respublica
858 1331 1194 1390 immortalis
1220 1351 1347 1390 5555
1376 1332 1602 1404 debeat,
1631 1351 1760 1390 eam
1801 1333 1862 1390 in
1903 1331 2076 1390 unius
2115 1345 2324 1392 morta-

336 1411 411 1469 lis
439 1411 630 1469 anima
658 1411 988 1484 consistere.
1072 1411 1139 1468 Si
1178 1408 1335 1481 vero,
1381 1411 1453 1468 ad
1493 1412 1775 1470 humanos
1815 1430 2006 1482 casus,
2045 1412 2322 1472 incertos-

338 1507 451 1564 que
478 1500 716 1548 eventus
755 1489 1121 1559 valetudiniS,
1164 1488 1403 1547 sceleris
1447 1490 1624 1549 etiam
1671 1491 1914 1548 accedat
1955 1490 2321 1550 insidiarum-
2355 1487 2424 1542 15

339 1587 453 1642 que
505 1568 845 1644 consensio·
879 1585 1052 1644 quem
1092 1567 1307 1640 Deum,
1351 1567 1401 1626 51
1443 1569 1658 1646 cupiat,
1699 1565 1966 1646 opitulari
2005 1589 2170 1646 posse
2209 1571 2320 1628 rei-

339 1646 587 1722 publicae
616 1647 921 1704 credamus
944 1649 967 1704 ἵ

422 1724 597 1783 VIII.
663 1724 883 1783 Omnia
922 1734 1055 1782 sunt
1096 1725 1406 1784 excitanda
1455 1725 1582 1796 tibi,
1637 1726 1707 1784 C.
1751 1726 1970 1796 Caesar,
2013 1725 2137 1798 uni,
2191 1744 2320 1801 quae

352 1801 551 1878 jacere
576 1804 775 1876 sentis,
804 1804 980 1862 belli
965 1803 1143 1879 1psius
1170 1804 1388 1880 impetu
1418 1805 1593 1880 (quod
1623 1823 1863 1862 11555555
1892 1804 2027 1882 suit)
2055 1805 2321 1880 perculsa

340 1891 513 1957 atque
538 1892 850 1958 prostrata:
892 1882 1295 1941 constituenda
1330 1882 1574 1959 judicia,
1603 1884 1928 1942 revocanda
1972 1883 2135 1954 fides,
2165 1903 2318 1942 com-
2349 1877 2423 1933 20

333 1961 652 2050 primendae
678 1961 967 2033 libidines,
994 1962 1364 2039 propaganda
1390 1962 1644 2020 soboles:
1685 1962 1900 2033 omnia,
1927 1981 2055 2038 quae
2096 1928 2318 2040 dilapsa

344 2039 467 2115 jam
520 2039 824 2111 fluxerunt,
878 2040 1093 2098 severis
1145 2040 1374 2117 legibus
1425 2041 1734 2099 vincienda
1773 2051 1922 2099 sunt.
2029 2040 2166 2100 Non
2209 2043 2318 2100 suit

334 2117 784 2190 recusandum,
770 2138 831 2177 ιιι
856 2128 1017 2178 tanto
1054 2118 1210 2177 civili
1253 2119 1424 2189 bello,
1456 2129 1729 2194 tantoque
1759 2120 2079 2177 animorum
2114 2120 2317 2178 ardore

334 2205 397 2255 et
423 2215 730 2270 armorum,
757 2197 900 2272 quin
923 2207 1195 2275 quassata
1220 2197 1568 2273 respublica,
1595 2197 1928 2273 quicunque
1971 2197 2106 2257 belli
2149 2218 2318 2258 even-

332 2285 430 2333 tus
456 2276 675 2348 suisset,
712 2278 897 2334 multa
938 2276 1204 2354 perderet
1250 2286 1309 2333 et
1353 2287 1692 2335 ornamenta
1737 2276 2054 2351 dignitatis,
2093 2298 2128 2325 ο·
2119 2286 2154 2334 t
2178 2297 2318 2353 prae-
2348 2278 2422 2333 25

332 2354 483 2413 sidia
510 2322 837 2413 stabilitatis
864 2374 1019 2412 suoe:
1060 2354 1358 2428 multaque
1386 2362 1626 2428 uterque
1652 2354 1770 2411 dux
1797 2353 2015 2411 faceret
2044 2364 2314 2426 armatae,

331 2452 487 2525 quae·
528 2434 682 2493 idem
747 2442 979 2509 togatus
1041 2431 1169 2489 fieri
1230 2426 1630 2507 prohibuisset.
1710 2430 1868 2493 Quae
1923 2432 2156 2505 quidem
2210 2401 2316 2492 tibi

330 2512 529 2571 omnia
556 2513 691 2571 belli
719 2512 961 2570 vulnera
999 2510 1260 2569 curanda
1284 2518 1451 2567 sunt·
1436 2552 1454 2581 ,
1493 2510 1720 2585 quibus,
1747 2518 1952 2586 praeter
1991 2522 2071 2583 te,
2097 2512 2315 2571 mederi

332 2610 507 2650 nemo
528 2600 730 2669 potest.

414 2668 620 2744 Itaque
650 2670 807 2727 1115111
822 2678 982 2727 tuam
998 2666 1496 2745 praeclarissimam
1523 2678 1582 2727 et
1607 2667 2086 2760 sapientissimam
2113 2688 2314 2729 vocem
2345 2692 2419 2749 ω

334 2747 547 2807 invitus
606 2748 837 2806 audivi:
896 2748 1112 2805 “Satis
1168 2747 1269 2806 diu
1326 2746 1412 2805 vel
1471 2758 1692 2807 naturae
1750 2748 1885 2820 vixi,
1926 2749 2015 2807 vel
2055 2750 2308 2827 gloriaess'

334 2826 511 2897 Setia,
552 2826 601 2884 si
658 2826 741 2884 ita
797 2827 903 2897 vis,
958 2845 1179 2885 naturave
1235 2827 1504 2897 fortasse;
1565 2828 1714 2887 addo
1767 2828 1964 2900 etiam,
2005 2828 2055 2886 51
2099 2830 2311 2905 placet,
2387 2866 2392 2871 -

332 2905 563 2981 gloriae.
608 2915 666 2962 at
696 2905 873 2996 (quod
901 2906 1215 2963 maximum
1232 2906 1347 2983 est)
1372 2907 1568 2983 patriae
1599 2905 1756 2965 551·ῑό
1784 2926 2002 2983 parum.
2083 2908 2314 2983 Quare,

331 2984 552 3055 omitte,
596 3003 806 3059 quaeSO,
853 2984 1019 3041 istam
1072 2984 1370 3042 doctorum
1424 2986 1720 3043 hominum
1773 2988 1832 3045 in
1887 2988 2310 3046 contemnenda

334 3071 516 3119 morte
540 3062 939 3139 prudentiam:
980 3063 1097 3120 noli
1140 3074 1334 3121 nostro
1373 3064 1632 3139 periculo
1661 3065 1889 3141 sapiens
1915 3084 2059 3123 esse.
2144 3067 2310 3142 Saepe
2342 3076 2416 3131 35

332 3142 489 3197 enim
516 3141 674 3198 venit
702 3141 773 3198 ad
804 3160 971 3199 aures
995 3160 1173 3211 meas,
1201 3151 1261 3199 te
1288 3141 1440 3199 idem
1471 3143 1624 3201 istud
1659 3144 1832 3201 nimis
1859 3142 2064 3201 crebro
2093 3143 2308 3213 dicere,

332 3220 473 3276 satis
497 3229 557 3277 te
584 3219 690 3276 tibi
716 3219 939 3278 vixisse.
1021 3220 1247 3279 Credo:
1288 3222 1392 3279 sed
1431 3231 1554 3278 tum
1583 3223 1643 3279 id
1685 3222 1966 3291 audirem,
1995 3220 2042 3275 si
2070 3220 2177 3276 tibi
2205 3221 2311 3278 soli

332 3297 415 3353 viv
426 3317 572 3368 eres
603 3307 703 3355 aut
730 3298 777 3355 si
806 3298 910 3355 tibi
938 3298 1111 3355 etiam
1142 3299 1246 3357 soli
1268 3309 1444 3357 natus
1471 3319 1643 3356 esses.
1725 3299 1784 3355 N
1789 3317 1926 3367 unc
1955 3294 2091 3353 cum
2131 3298 2313 3354 omni-

332 3393 430 3432 um
460 3376 704 3433 salutem
733 3376 945 3434 civium
974 3387 1362 3450 cunctamque
1401 3375 1816 3450 rempublicam
1859 3393 1952 3432 res
1993 3384 2107 3431 tuae
2134 3386 2310 3451 gestie

220 3482 233 3491 ·
336 3455 641 3531 complexa?
670 3455 819 3525 sint3
862 3453 1087 3512 tantum
1132 3455 1269 3511 abes
1312 3472 1346 3510 a
1381 3454 1738 3528 ‘perfectione
1779 3452 2171 3511 maximorum
2181 3472 2311 3530 ope-
2341 3460 2416 3517 40

336 3552 480 3603 rum,
510 3543 575 3590 ut
622 3534 1016 3603 fundamenta,
1044 3552 1170 3607 quae
1212 3532 1454 3607 cogitaS,
1483 3532 1736 3588 nondum
1774 3529 2001 3607 jeceris.
2087 3530 2206 3591 Hic
2246 3543 2310 3591 tu

333 3613 565 3669 modum
594 3622 707 3669 tuae
734 3613 885 3682 vitae,
914 3630 1029 3668 non
1071 3609 1255 3667 salute
1300 3608 1652 3698 reipublicae,
1681 3611 1782 3668 sed
1815 3608 2082 3684 aequitate
2111 3610 2309 3686 animi,

333 3690 615 3749 definies?
694 3689 881 3759 Quid,
926 3690 976 3745 si
1014 3688 1167 3743 istud
1208 3707 1285 3744 ne
1326 3687 1522 3763 gloriar
1546 3687 1798 3779 quidem
1845 3698 1959 3746 tuae
2005 3686 2145 3743 satis
2183 3688 2310 3743 est'l

332 3768 501 3845 cujus
526 3778 586 3827 te
630 3787 759 3828 esse
786 3764 1201 3835 avidissimum,
1228 3764 1488 3841 quamvis
1513 3765 1593 3823 sis
1633 3767 1882 3844 sapiens,
1909 3782 2027 3823 non
2052 3760 2310 3837 negabis.
