2698 4492
727 260 1000 311 ORATIO
1043 261 1184 311 PRO
1226 263 1425 314 REGE
1470 263 1861 315 DEIOTARO.
2306 265 2389 324 83

302 409 470 468 nium
501 423 679 476 arma,
709 415 912 462 contra
937 424 1000 462 se
1027 424 1206 464 unum
1249 407 1547 466 excitare?
1627 407 1905 468 Quonam
1954 405 2049 464 ille
2096 406 2285 478 modo,
2314 422 2357 465 -φ

304 506 444 546 cum
488 504 686 561 regno,
729 502 864 540 cum
911 484 1099 556 domo,
1143 504 1277 542 cum
1319 486 1584 563 conjuge,
1634 504 1768 543 cum
1806 485 2103 544 carissimo
2150 485 2287 556 filio,
2312 493 2349 510 ‘'

305 569 618 624 distractus
657 574 828 634 esset,
858 573 1021 621 tanto
1065 564 1284 622 scelere
1326 585 1441 622 non
1468 564 1640 622 modo
1668 564 1941 641 perfecte,
1971 564 2073 621 sed
2113 565 2338 622 etiam*

306 644 600 704 cooitato'e

380 695 494 780 ιῗῙΙ.
565 723 648 778 At
678 715 906 798 (credo)
939 721 1064 778 haec
1104 721 1274 780 homo
1299 722 1659 780 inconsultus
1698 730 1757 779 et
1794 721 2134 780 temerarius
2172 740 2285 779 non
2352 730 2388 782 5

308 803 556 860 videbat.
637 799 795 861 Quis
823 800 1234 857 consideratior
1275 801 1417 859 illo'l
1464 799 1619 878 [quis
1658 801 1861 858 tectior
1882 802 1934 880 i]
1994 801 2123 875 quis
2161 819 2291 876 pru-

309 881 577 939 dentior‘l
621 897 948 955 quanquam
978 878 1243 939 hocloco
1270 879 1609 937 Deiotarum
1648 899 1763 936 non
1792 889 1908 935 tam
1958 878 2193 955 ingenio
2231 888 2291 937 et

305 957 633 1037 prudentia,
678 955 874 1031 quam'
892 957 1006 1014 fide
1047 967 1106 1014 et
1146 958 1426 1034 religione
1466 958 1615 1028 vitae,
1670 957 2097 1015 defendendum
2134 967 2285 1033 puto.

308 1038 468 1096 Nota
493 1037 600 1093 tibi
639 1045 746 1107 est,
776 1035 887 1092 Cai
916 1036 1132 1107 Caesar,
1161 1036 1409 1093 hominis
1446 1037 1717 1112 probitas,
1760 1035 1879 1094 noti
1920 1054 2125 1106 mores,
2155 1046 2289 1093 nota

307 1111 646 1174 constanti‘a.
732 1115 846 1171 Cui
873 1134 1056 1189 porro,
1085 1114 1182 1190 qui
1213 1113 1381 1172 modo
1409 1116 1601 1192 populi
1650 1113 1904 1172 Romani
1941 1134 2160 1172 nomen
2190 1133 2288 1171 au·
2323 1119 2387 1173 10

307 1195 468 1266 divit,
498 1193 757 1251 Deiotari
799 1193 1117 1268 integritas,
1161 1195 1431 1270 gravitas,
1480 1194 1677 1265 virtus,
1721 1193 1885 1263 fides,
1930 1212 2044 1250 non
2092 1190 2288 1250 audita

307 1275 438 1332 est‘l
519 1271 700 1334 Quod
727 1271 902 1348 igitur
932 1272 1156 1329 facinus
1185 1291 1294 1329 nec
1323 1273 1383 1330 in
1426 1273 1716 1330 hominem
1745 1272 2165 1348 imprudentem
2194 1291 2289 1328 ca-

306 1352 660 1428 dereposset
685 1360 909 1426 propter
956 1360 1173 1407 metum
1215 1352 1511 1426 praesentis
1554 1351 1735 1422 exitii,
1766 1371 1876 1408 nec
1918 1349 1979 1407 in
2010 1350 2287 1408 facinoro-

306 1449 454 1502 sum,
485 1430 595 1489 nisi
623 1438 774 1486 esset
803 1429 952 1486 idem
985 1430 1429 1500 amentissimus,
1460 1430 1519 1486 id
1546 1449 1643 1488 vos
1669 1441 1728 1488 et
1758 1449 1791 1486 a
1818 1430 1939 1486 viro
1962 1430 2196 1505 optime,
2227 1439 2286 1487 et
2323 1427 2391 1495 ᾧ

308 1511 382 1566 ab
410 1508 640 1567 homine
668 1505 907 1565 minime
937 1508 1129 1577 stulto,
1158 1509 1473 1584 cogitatum
1501 1529 1627 1567 esse
1656 1507 1999 1584 confingitis·
2314 1513 2384 1566 15

389 1589 472 1644 At
515 1585 685 1662 quam
733 1606 846 1644 non
897 1585 1067 1643 modo
1115 1605 1230 1644 non
1278 1587 1650 1658 credibiliter,
1694 1588 1793 1644 sed
1838 1606 1912 1644 ne
1966 1584 2280 1662 suspiciose

309 1665 577 1739 quidem!
674 1665 846 1735 Cum,
891 1665 1096 1738 inquit,
1139 1665 1198 1722 in
1240 1666 1541 1722 castellum
1581 1666 1865 1723 Luceium
1907 1665 2180 1735 venisses,
2222 1676 2283 1722 et

308 1743 543 1800 domum
573 1741 740 1819 regiS,
769 1743 1003 1819 hospitis
1035 1744 1141 1814 tui,
1170 1743 1517 1814 divertisseS,
1544 1744 1708 1802 locus
1753 1753 1878 1802 erat
1923 1741 2177 1817 quidam,
2220 1743 2281 1800 in

307 1840 423 1896 quo
450 1830 612 1879 erant
639 1840 710 1878 ea
736 1822 1065 1898 composita,
1095 1822 1304 1896 quibus
1331 1842 1431 1880 rex
1458 1833 1515 1880 te
1555 1841 1858 1880 munerare
1887 1820 2277 1879 constituerat.
2308 1819 2368 1882 ⁴-

306 1900 449 1958 Huc
489 1910 548 1957 te
603 1919 636 1958 e
689 1900 914 1971 balne0‚
954 1901 1287 1977 priusquam
1345 1902 1739 1972 accumbereS,
1782 1902 1997 1958 ducere
2037 1900 2276 1958 volebat.
2306 1901 2380 1954 20

305 1979 490 2037 Erant
529 1979 684 2037 enim
713 1980 936 2050 armati,
966 1978 1064 2055 qui
1091 1990 1149 2037 te
1190 1979 1600 2051 interficerent,
1630 1980 1690 2038 in
1731 2001 1801 2038 eo
1841 1980 1962 2056 ipso
1998 1979 2126 2037 loco
2166 1979 2281 2037 col-

302 2058 494 2116 locati.
577 2058 670 2116 En
699 2058 939 2128 crimen,
969 2078 1043 2116 en
1071 2078 1269 2130 causa,
1299 2078 1404 2118 cur
1433 2079 1628 2136 regem
1658 2060 1950 2136 fugitivuS,
1979 2058 2275 2118 dominum

303 2157 519 2208 servus,
549 2146 800 2195 accuset.
884 2137 1030 2214 Ego,
1078 2137 1465 2214 (mehercule)
1517 2139 1627 2196 Cai
1671 2140 1887 2208 Caesar,
1918 2137 2099 2208 initio,
2143 2135 2279 2194 cum

302 2227 389 2275 est
431 2217 501 2275 ad
543 2235 636 2274 me
679 2215 790 2275 ista
831 2227 1009 2274 causa
1048 2217 1258 2288 delata,
1299 2217 1647 2293 Phidippum
1690 2217 2003 2287 medicum,
2048 2234 2278 2273 servum

301 2296 547 2373 regium,
594 2296 692 2372 qui
741 2314 875 2353 cum
916 2295 1121 2371 legatis
1161 2296 1370 2353 missus
1422 2306 1593 2367 esset,
1637 2297 1709 2352 ab
1766 2296 1874 2353 isto
1916 2295 2277 2352 adolescente
2304 2299 2377 2352 25

300 2394 427 2432 esse
468 2384 816 2451 corruptum,
867 2375 978 2431 hac
1038 2374 1362 2451 suspicione
1422 2394 1548 2431 sum
1606 2392 1944 2450 percussus:
1986 2372 2277 2429 medicum

300 2454 554 2511 indicem
583 2453 949 2511 subornabit:
992 2452 1170 2531 finget
1209 2453 1481 2511 videlicet
1522 2453 1750 2526 aliquod
1790 2452 2011 2509 crimen
2050 2450 2274 2507 veneni.

299 2530 378 2589 Et
403 2532 453 2589 si
482 2550 516 2589 a
543 2532 782 2590 veritate
807 2532 1001 2609 longe,
1029 2542 1224 2591 tamen
1255 2524 1299 2590 ἔ
1329 2530 1746 2590 consuetudine
1775 2529 2120 2589 criminandi
2161 2524 2345 2619 non-71-

299 2608 565 2681 multum,
594 2630 686 2668 res
715 2611 1072 2686 abhorrebat.

359 2688 541 2752 Quid
572 2689 652 2747 ait
677 2690 982 2747 medicus?
1022 2690 1166 2748 nihil
1185 2692 1258 2749 de
1275 2710 1513 2749 veneno.
1596 2692 1679 2748 At
1706 2689 1764 2748 id
1794 2687 1917 2747 fieri
1943 2686 2144 2764 potuit,
2164 2686 2277 2763 pri·
2300 2691 2374 2745 30

297 2766 416 2837 mo,
443 2766 732 2825 occultius
759 2768 820 2825 in
860 2770 1109 2844 potione,
1137 2771 1226 2827 vel
1271 2770 1332 2827 in
1381 2770 1549 2827 cibo:
1592 2769 1822 2840 deinde,
1866 2767 2041 2826 etiam
2089 2767 2270 2843 impu-

298 2845 432 2903 nius
476 2846 560 2917 fit,
589 2846 760 2921 quod,
805 2844 942 2904 cum
985 2858 1072 2905 est
1119 2849 1357 2919 sactum,
1385 2848 1587 2926 negari
1611 2858 1811 2925 potest.
1896 2846 1961 2904 Si
1985 2844 2176 2923 palam
2216 2856 2274 2903 te

297 2924 702 2995 interemisset,
742 2926 1000 2983 omnium
1055 2926 1116 2984 in
1169 2946 1231 2985 se
1272 2927 1533 3003 gentium
1586 2948 1701 2985 non
1741 2925 1925 2985 solum
1976 2925 2129 2994 odia,
2172 2925 2274 2982 sed

297 3004 474 3060 etiam
537 3022 714 3075 arma,
759 3006 1167 3063 convertisset:
1225 3006 1274 3063 si
1317 3024 1541 3064 veneno
1560 3026 1575 3075 ;
1633 3006 1791 3063 Jovis
1835 3005 1987 3062 illius
2040 3003 2273 3077 quidem

297 3081 590 3158 hospitalis
617 3101 833 3141 numen
873 3103 1169 3159 nunquam
1211 3084 1403 3142 celare
1427 3084 1703 3161 potuisset
1720 3104 1735 3155 ;
1779 3083 2037 3141 homines
2079 3082 2273 3138 fortas-
2290 3094 2371 3147 ,35

295 3180 358 3217 se
413 3160 729 3218 celavisset.
813 3163 992 3224 Quod
1037 3162 1210 3239 igitur
1253 3173 1311 3221 et
1364 3162 1650 3220 occultius
1691 3161 1907 3233 conari,
1945 3170 2002 3218 et
2043 3159 2272 3217 efficere

295 3239 544 3308 cautius„
572 3240 787 3315 potuit3
832 3240 890 3297 id
920 3241 1044 3312 tibi,
1074 3252 1132 3298 et
1158 3242 1387 3299 medico
1428 3242 1656 3312 callido,
1686 3251 1745 3299 et
1784 3258 1946 3297 servo
1995 3237 2087 3313 (ut
2113 3248 2273 3311 puta·

293 3319 419 3395 bat)
452 3318 628 3388 fideli,
656 3338 772 3377 non
800 3320 1046 3377 credidit
1061 3340 1076 3390 ;
1108 3320 1180 3377 de
1209 3319 1402 3391 armiS,
1432 3321 1504 3377 de
1527 3320 1693 3390 ferro,
1716 3320 1788 3376 de
1816 3316 2057 3387 insidiis,
2082 3315 2271 3373 celare

291 3407 350 3455 te
380 3396 602 3454 noluit?
685 3398 770 3455 At
796 3395 969 3472 quam
998 3398 1197 3455 festive
1229 3397 1448 3456 crimen
1480 3398 1831 3456 contexitur!
1916 3394 2053 3452 Tua
2079 3404 2167 3463 te,
2187 3392 2270 3451 in-

291 3475 434 3550 quit,
459 3476 683 3547 eadem,
713 3495 840 3551 quae
867 3496 1109 3553 semper,
1139 3476 1369 3535 fortuna
1408 3476 1686 3546 servavit3
1728 3472 2010 3552 negavisti
2049 3482 2172 3529 tum
2212 3482 2270 3531 te
2298 3482 2369 3537 40

293 3554 577 3631 inspicere
604 3554 768 3612 velle.
1928 3592 1937 3598 -

371 3632 512 3691 VII.
567 3633 734 3695 Quid
774 3636 1018 3709 postea‘l
1101 3633 1199 3691 An
1239 3632 1567 3704 Deiotarus,
1622 3652 1685 3691 re
1726 3631 1823 3691 illo
1860 3642 2113 3709 tempore
2153 3650 2269 3690 non
2325 3621 2365 3689 l·

289 3712 565 3789 perfecta,
596 3710 872 3770 continuo
902 3711 1121 3768 dimisit
1160 3711 1518 3769 exercitum?
1560 3711 1751 3769 nullus
1794 3723 1917 3770 erat
1961 3712 2107 3769 alius
2136 3709 2271 3767 insi-

290 3790 491 3853 diandi
534 3790 736 3847 locus‘l
818 3791 902 3847 At
947 3788 1156 3847 eodem
1197 3799 1275 3862 te,
1324 3788 1460 3848 cum
1511 3789 1880 3864 coenavisses,
1909 3790 2267 3849 redditurum
