2698 4492
300 315 417 375 106
796 312 1071 363 ORATIO
1116 312 1256 361 PRO
1297 312 1364 361 Τ.
1408 310 1638 362 ANNIO
1681 310 1986 363 MILONE.

476 458 587 516 lx.
629 458 1051 530 Quamobrem,
1090 457 1340 534 judices,
1389 468 1454 515 ut
1509 457 1818 533 aliquando
1859 458 1933 514 ad
1988 474 2225 515 causam
2281 476 2398 515 cri-

398 557 645 614 menque
675 538 1006 609 veniamus3
1050 537 1099 595 si
1128 556 1317 613 neque
1344 536 1536 595 omnis
1579 536 1865 594 confessio
1910 536 2050 594 facti
2097 548 2185 593 est
2215 536 2398 594 inusi-

398 629 519 676 tata
539 638 554 688 ;
598 637 787 692 neque
831 618 904 675 de
948 618 1127 675 causa
1156 618 1473 691 quidquam
1521 616 1716 674 nostra
1761 615 1946 687 aliter,
1979 635 2050 673 ac
2077 636 2182 673 nos
2223 615 2396 673 velle-

399 716 547 769 mus,
580 716 613 755 a
640 708 845 755 senatu
882 696 1207 774 judicatum
1236 707 1357 764 est3
1401 706 1461 753 et
1505 695 1649 753 lator
1695 695 1814 771 ipse
1861 695 2028 771 legis,
2075 694 2210 753 cum
2239 705 2393 753 esset

334 780 372 834 5
401 776 788 836 controversia
832 776 993 834 nulla
1032 777 1191 847 facti,
1231 776 1377 853 juris
1407 786 1599 833 tamen
1628 774 2104 850 disceptationem
2133 794 2258 831 esse
2300 794 2394 832 vo-

398 856 539 926 luit;
582 866 641 915 et
668 856 841 914 electi
864 856 1113 932 judices,
1163 856 1325 930 isque
1373 855 1707 931 praepositus
1753 853 2076 929 quaestioni,
2125 854 2223 928 qui
2248 854 2394 910 haec

410 934 565 1013 juste
620 936 1021 1013 sapienterque
1061 937 1343 1011 disceptet
1361 954 1376 1004 3
1418 933 1702 1009 reliquum
1757 943 1864 1005 est,
1913 932 2160 1009 judices»,
2204 943 2268 989 ut
2307 932 2396 989 ni·

404 1016 483 1073 hil
520 1016 639 1093 jam
686 1016 842 1074 aliud
884 1034 1141 1090 quoerere
1184 1013 1466 1084 debeatiS,
1516 1012 1648 1083 nisi,
1696 1023 1824 1077 uter
1873 1013 1986 1070 utri
2032 1012 2272 1070 insidias
2314 1012 2394 1070 se-

405 1096 567 1154 cerit.
674 1095 855 1158 Quod
908 1094 1023 1170 quo
1080 1092 1312 1152 facilius
1355 1092 1710 1169 argumentis
1763 1092 2090 1168 perspicere
2143 1091 2392 1167 possitis,

312 1173 377 1229 to
406 1194 527 1233 rem
569 1185 792 1251 gestam
834 1174 993 1231 vobis
1036 1174 1174 1231 dum
1230 1172 1476 1230 breviter
1518 1190 1757 1248 expono,
1819 1190 2030 1247 quaeso,
2086 1172 2394 1247 diligenter

408 1255 704 1312 attendite.
2345 1303 2358 1315 .

488 1333 553 1391 P.
583 1333 825 1389 Clodius
872 1328 1010 1389 cum
1056 1331 1348 1388 statuisset
1375 1329 1533 1387 omni
1579 1331 1800 1387 scelere
1829 1329 1888 1387 in
1915 1329 2161 1420 praetura
2189 1348 2395 1387 vexare

407 1411 847 1487 rempublicam,
896 1411 1228 1485 videretque
1273 1410 1356 1467 ita
1397 1419 1583 1467 tracta
1611 1429 1738 1467 esse
1781 1409 2016 1467 comitia
2045 1427 2196 1467 anno
2235 1430 2398 1486 supe·

410 1492 578 1561 riore,
628 1500 691 1547 ut
737 1509 853 1547 non
908 1491 1117 1547 multos
1162 1508 1392 1547 menses
1430 1498 1738 1565 praeturam
1792 1508 1994 1565 gerere
2032 1498 2254 1565 posset3
2299 1488 2396 1563 qui

208 1596 213 1602 ·
312 1566 381 1619 15
410 1590 523 1628 non
567 1569 796 1627 honoris
823 1571 1067 1646 gradum
1115 1578 1420 1645 spectaret,
1451 1578 1514 1624 ut
1557 1567 1772 1638 caeteri,
1803 1568 1906 1625 sed
1953 1577 2010 1625 et
2055 1566 2121 1625 L.
2152 1568 2398 1625 Paulum

412 1648 694 1726 collegam
724 1649 981 1725 effugere
1018 1649 1207 1717 vellet,
1252 1646 1532 1724 singulari
1563 1647 1771 1704 virtute
1819 1647 2027 1717 civem,
2076 1656 2134 1704 et
2183 1665 2396 1704 annum

412 1729 703 1806 integrum
760 1728 833 1785 ad
874 1728 1307 1785 dilacerandam
1365 1726 1781 1802 rempublicam
1823 1736 2142 1801 quaereret3
2207 1724 2396 1783 subito

411 1808 645 1884 reliquit
674 1826 889 1866 annum
918 1826 1107 1879 suum,
1152 1826 1326 1882 seque
1376 1806 1436 1863 in
1487 1824 1700 1862 annum
1740 1805 2060 1881 proximum
2089 1806 2400 1875 transtulit,
2500 1798 2506 1802 ⁴

414 1907 529 1946 non
561 1888 653 1965 (ut
678 1887 770 1966 fit)
802 1886 1081 1963 religione
1123 1886 1334 1961 aliqua,
1365 1886 1466 1943 sed
1513 1895 1578 1942 ut
1615 1884 1853 1954 haberet
1877 1883 2055 1960 (quod
2085 1884 2204 1959 ipse
2247 1884 2403 1941 dice-

312 1964 386 2019 20
415 1967 565 2046 bat),
597 1967 668 2023 ad
710 1976 1018 2042 praeturam
1064 1965 1400 2041 gerendam,
1431 1965 1541 2021 hoc
1587 1973 1693 2035 est,
1726 1963 1799 2020 ad
1841 1964 2211 2021 evertendam
2257 1982 2404 2039 rem-

414 2045 728 2123 publicam,
757 2045 991 2121 plenum
1022 2062 1235 2101 annum
1266 2054 1436 2119 atque
1465 2043 1771 2119 integrum.

496 2122 864 2181 Occurrebat
890 2122 966 2192 ei,
996 2141 1264 2179 mancam
1311 2141 1384 2179 ac
1425 2122 1678 2179 debilem
1721 2130 2026 2197 praeturam
2056 2125 2220 2178 snam
2251 2121 2404 2178 futu-

418 2222 563 2275 ram,
610 2202 847 2260 consule
890 2200 1145 2260 Milone:
1189 2220 1323 2259 eum
1371 2199 1538 2278 porro
1595 2220 1820 2259 summo
1873 2219 2158 2260 consensu
2210 2200 2406 2278 populi

420 2282 676 2342 Romani
706 2282 1001 2342 consulem
1045 2281 1169 2339 fieri
1208 2281 1455 2340 videbat.
1538 2281 1800 2339 Contulit
1828 2300 1890 2338 se
1919 2281 1993 2338 ad
2029 2281 2154 2357 ejus
2181 2300 2408 2357 compe-

316 2363 390 2434 25
420 2363 636 2434 titoreS,
664 2363 766 2420 sed
796 2362 896 2435 ita,
923 2371 1102 2421 totam
1143 2373 1208 2419 ut
1252 2361 1586 2438 petitionem
1631 2359 1752 2437 ipse
1793 2359 1966 2431 solus,
1997 2361 2172 2418 etiam
2213 2361 2408 2418 invitis

421 2443 555 2515 illis,
584 2444 971 2520 gubernaret3
1001 2452 1134 2500 ,tota
1161 2451 1225 2499 ut
1254 2440 1492 2499 comitia
1517 2440 1638 2498 suis
1669 2439 1760 2516 (ut
1788 2439 2119 2516 dictitabat)
2152 2439 2408 2497 humeris

422 2523 746 2580 sustineret.
850 2521 1223 2580 Convocabat
1269 2520 1488 2579 tribus:
1531 2539 1592 2577 se
1641 2519 2075 2595 interponebat:
2119 2519 2407 2577 Collinam

420 2621 649 2673 novam,
679 2601 909 2659 delectu
928 2599 1443 2677 perditissimorum
1466 2599 1679 2657 civium
1701 2598 2122 2672 conscribebat.
2202 2597 2409 2658 Quan-

422 2690 483 2738 to
510 2681 605 2736 ille
632 2680 798 2755 plura
824 2680 1125 2750 miscebat,
1154 2689 1315 2737 tanto
1342 2679 1440 2736 hic
1468 2677 1654 2754 magis
1683 2678 1742 2735 in
1789 2678 1916 2734 dies
1951 2676 2406 2735 convalescebat.

320 2756 393 2811 ³0
424 2758 540 2816 Ubi
582 2757 724 2815 vidit
759 2759 935 2816 homo
964 2759 1035 2814 ad
1082 2777 1252 2815 omne
1302 2757 1530 2814 facinus
1575 2756 1991 2833 paratissimUS,
2036 2756 2410 2814 fortissimum

424 2837 631 2906 virum,
688 2836 1150 2893 inimicissimum
1199 2854 1389 2906 suum,
1432 2836 1819 2893 certissimum
1877 2835 2193 2906 consulem,
2237 2835 2410 2909 idque

400 2913 706 2974 'intellexit
732 2933 848 2971 non
876 2912 1057 2972 solum
1088 2915 1467 2986 sermonibus»,
1499 2916 1599 2972 sed
1647 2915 1824 2972 etiam
1867 2914 2174 2991 suffragiis,
2217 2913 2409 2990 populi

425 2992 682 3052 Romani
704 3012 854 3068 saepe
882 3013 1009 3052 esse
1036 2993 1394 3051 declaratum
1416 3014 1431 3065 ;
1473 2993 1664 3070 palam
1705 3013 1876 3071 agere
1905 2994 2098 3070 coepit,
2128 3003 2186 3050 et
2215 2991 2409 3070 aperte

425 3074 642 3144 dicere,
670 3072 1058 3131 occidendum
1086 3071 1386 3130 Milonem.
1473 3075 1680 3130 Servos
1725 3083 1978 3149 agrestes
2019 3082 2078 3130 et
2118 3072 2410 3142 barbaroS,

324 3147 395 3203 35
428 3153 636 3229 quibus
678 3152 850 3209 silvas
891 3152 1154 3228 publicas
1200 3152 1576 3229 depopulatus
1617 3161 1758 3223 erat,
1795 3152 2204 3226 Etruriamque
2244 3151 2414 3208 vexa-

426 3243 533 3304 rat,
563 3252 635 3290 ex
664 3231 975 3309 Apennino
1010 3230 1345 3303 deduxerat,
1376 3251 1516 3306 quos
1559 3231 1859 3289 videbatis,
1943 3230 2070 3287 Res
2097 3240 2220 3288 erat
2247 3230 2414 3288 mini-

426 3311 521 3371 me
570 3313 853 3371 obscura:
916 3310 1131 3369 etenim
1176 3308 1367 3386 palam
1416 3310 1738 3381 dictitabat,
1801 3310 2163 3368 consulatum
2206 3308 2414 3366 Miloni

426 3392 569 3469 eripi
622 3412 739 3450 non
791 3411 977 3468 posse,
1032 3390 1209 3447 vitam
1266 3409 1449 3466 posse.
1562 3389 1927 3466 Significavit
1981 3388 2090 3446 hoc
2144 3407 2294 3464 saepe
2355 3387 2415 3444 in

427 3481 665 3529 senatu:
709 3471 853 3528 dixit
906 3471 967 3528 in
1012 3469 1309 3528 concione.
1393 3469 1738 3531 Quinetiam
1785 3467 2063 3538 Favoni0,
2109 3467 2414 3525 fortissimo

323 3554 396 3608 40
428 3550 567 3621 vir0,
598 3551 876 3625 quaerenti
924 3570 997 3608 ex
1036 3569 1124 3620 e0,
1166 3548 1281 3623 qua
1324 3568 1424 3624 spe
1469 3549 1702 3618 fureret,
1749 3546 1970 3605 Milone
2013 3547 2159 3618 vivo,
2189 3565 2416 3621 respon·
2461 3584 2464 3585 ν

427 3629 531 3698 dit,
561 3628 751 3685 triduo
798 3628 980 3699 illum,
1028 3629 1098 3685 ad
1144 3646 1432 3706 summum
1476 3627 1800 3702 quatriduo,
1849 3626 2201 3702 periturum:
2244 3643 2416 3700 quam

424 3725 622 3764 vocem
654 3706 777 3782 ejus
806 3708 879 3763 ad
907 3708 1064 3764 hunc
1092 3706 1175 3764 M.
1208 3706 1492 3764 Catonem
1520 3705 1712 3763 statim
1742 3706 2033 3764 Favonius
2061 3705 2284 3762 detulit.

403 3812 408 3815 ·
438 3783 441 3786 ’
506 3785 584 3842 Χ.
655 3784 917 3854 Interim,
949 3783 1085 3843 cnm
1114 3785 1289 3843 sciret
1317 3785 1558 3842 Clodius
1589 3785 1803 3862 (neque
1832 3787 1988 3843 enim
2017 3794 2142 3842 erat
2181 3781 2418 3840 difficile

426 3864 629 3943 scire),
660 3864 768 3922 iter
798 3863 1074 3934 sollenne,
1095 3864 1440 3940 legitimum,
1462 3865 1876 3936 necessarium,
1899 3875 2032 3922 ante
2049 3863 2204 3921 diem
2233 3860 2416 3920 XIII.

326 3947 397 4004 45
427 3944 719 4004 Calendas
763 3941 1133 4015 FebruariaS,
1178 3941 1387 4000 Miloni
1442 3962 1568 4001 esse
1623 3943 1950 4002 Lanuvium
1996 3943 2067 4002 ad
2123 3941 2418 4000 flaminem
