2698 4492
751 287 1025 338 ORATIO
1069 287 1169 337 ΙΙΙ.
1214 285 1292 336 IN
1333 287 1397 337 L.
1442 286 1871 338 CATILINAM.
2330 293 2413 353 27

341 443 506 503 runt,
549 443 608 491 et
635 453 744 510 ego
770 453 843 490 ex
871 433 1216 511 praefectura
1253 433 1515 491 Reatina
1544 433 1867 510 complures
1894 434 2149 492 delectos
2178 436 2310 492 ado-

341 512 643 584 lescenteS,
672 531 914 587 quorum
952 512 1126 588 opera
1154 513 1215 569 in
1241 531 1304 570 re
1329 513 1567 589 publica
1610 512 1839 582 assidue
1871 525 2017 585 utor,
2044 514 2311 590 praesidio

343 611 478 649 cum
504 592 714 668 gladiis
739 591 1028 648 miseram.
1097 589 1340 649 Interim
1361 592 1531 650 tertia
1555 590 1675 649 fere
1698 592 1895 669 vigilia
1924 593 2149 664 exacta,
2172 590 2309 650 cum

336 671 458 748 jam
484 681 715 747 pontem
756 669 1044 748 Mulvium
1071 688 1281 746 magno
1309 671 1587 728 comitatu
1615 670 1792 746 legati
1820 671 2198 748 Allobrogum
2228 671 2312 728 in-

341 750 506 827 gredi
560 750 902 825 inciperent,
944 748 1176 822 unfique
1230 748 1573 806 Vulturcius
1589 769 1605 819 ς
1668 750 1731 806 fit
1777 749 1838 807 in
1885 770 1984 808 eos
2024 751 2271 826 impetus
2294 769 2308 807 :
2378 744 2417 798 5

343 831 671 887 educuntur
693 837 752 884 et
780 827 852 882 ab
875 826 988 882 illis
1008 826 1206 902 gladii,
1229 836 1290 883 et
1317 845 1353 883 a
1378 827 1603 885 nostris.
1687 827 1815 885 Res
1834 839 1958 886 erat
1976 830 2313 905 praetoribus

343 918 480 967 nota
507 907 674 964 solis:
717 905 1088 981 ignorabatur
1118 923 1153 961 a
1178 905 1420 962 caeteris,
1743 909 1759 919 ‘

425 984 542 1041 III.
625 984 806 1054 Tum,
836 983 1160 1040 interventu
1187 983 1477 1060 Pomptini
1508 993 1677 1059 atque
1704 983 1929 1056 Flacci,
1949 1004 2164 1062 pugna,
2186 1004 2313 1060 quae

347 1073 472 1121 erat
527 1061 852 1133 commissa,
897 1063 1146 1119 sedatur.
1229 1061 1463 1135 Literae,
1511 1081 1871 1139 quaecunque
1925 1074 2092 1121 erant
2144 1064 2204 1121 in
2248 1083 2318 1121 eo

273 1161 278 1166 ·
349 1141 646 1211 comitam,
669 1141 908 1218 integris
936 1141 1136 1218 signis,
1155 1141 1495 1217 praetoribus
1521 1144 1861 1201 traduntur:
1905 1141 2033 1218 ipsi,
2064 1161 2319 1218 compre-
2352 1136 2421 1189 10

271 1259 286 1272 .
349 1220 535 1291 hensi,
568 1221 640 1276 ad
667 1239 781 1292 me,
801 1217 938 1277 cum
959 1219 1081 1296 jam
1101 1221 1505 1293 dilucesceret,
1528 1215 1913 1279 deducuntur.
1999 1221 2195 1296 Atque
2222 1221 2319 1278 ho-

349 1318 478 1356 rum
502 1299 760 1357 omnium
803 1298 1089 1356 scelerum
1128 1299 1613 1377 improbissimum
1652 1300 2130 1366 machinatorem,
2160 1299 2321 1357 Cim-

349 1380 516 1436 brum
543 1378 880 1450 Gabinium,
909 1379 1106 1435 statim
1125 1380 1197 1436 ad
1225 1398 1338 1450 me,
1361 1379 1647 1437 nihildum
1668 1379 2078 1455 suspicantem,
2101 1378 2317 1436 vocavi.

347 1457 579 1515 Deinde
607 1457 746 1514 item
777 1457 1084 1514 arcessitur
1111 1457 1175 1514 P.
1207 1458 1491 1530 StatiliuS,
1514 1468 1573 1516 et
1597 1467 1723 1534 post
1750 1477 1883 1515 eum
1912 1458 1983 1515 C.
2003 1458 2318 1534 CetheguS.

348 1534 711 1594 Tardissime
744 1546 937 1593 autem
964 1536 1248 1593 Lentulus
1274 1537 1451 1608 venit,
1477 1539 1669 1608 cred0,
1692 1534 1867 1612 quod,
1890 1536 2071 1594 literis
2092 1537 2320 1610 dandiS‚
2356 1532 2426 1586 15

347 1625 552 1692 praeter
581 1615 1081 1686 consuetudinem,
1107 1616 1367 1691 proxima
1394 1626 1565 1673 nocte
1593 1616 1876 1692 vigilarat.

429 1692 586 1751 Cum
612 1692 748 1752 vero
779 1693 1019 1750 summis
1062 1713 1132 1751 ac
1173 1695 1509 1752 clarissimis
1541 1694 1713 1770 hujus
1741 1694 1991 1751 civitatis
2018 1693 2173 1765 viriS,
2202 1693 2321 1770 qui,

353 1772 551 1830 audita
579 1791 661 1844 re,
691 1773 1020 1847 frequentes
1061 1772 1134 1829 ad
1174 1791 1269 1830 me
1303 1771 1476 1830 mane
1508 1782 1915 1843 convenerant,
1944 1772 2140 1829 literas
2170 1791 2203 1830 a
2230 1791 2324 1830 me

349 1849 510 1928 prius
539 1851 766 1928 aperiri,
795 1849 970 1927 quam
999 1851 1072 1908 ad
1099 1861 1365 1910 senatum
1393 1852 1623 1923 deferri,
1651 1852 1942 1928 placeret;
1985 1871 2079 1922 ne,
2103 1851 2151 1908 si
2179 1850 2324 1909 nihil

350 1940 504 1990 esset
531 1931 848 2002 inventum,
875 1929 1093 1988 temere
1125 1949 1160 1988 a
1185 1949 1280 1988 me
1307 1940 1502 1988 tantus
1530 1931 1809 1988 tumultus
1830 1930 2077 2006 injectus
2106 1929 2325 1988 civitati
2358 1933 2431 1987 20

350 2011 674 2080 videretur3
717 2008 926 2086 negavi
953 2028 1047 2067 me
1075 2029 1202 2068 esse
1230 2009 1540 2082 facturum,
1568 2020 1653 2082 ut,
1682 2010 1755 2067 de
1786 2008 2046 2085 periculo
2110 2009 2326 2081 ublic0,

352 2109 468 2147 non
499 2089 571 2146 ad
601 2089 906 2146 consilium
931 2089 1230 2165 publicum
1251 2108 1375 2147 rem
1397 2089 1682 2166 integram
1703 2089 2005 2166 deferrem.
2124 2088 2327 2159 tenim,

351 2167 640 2238 Quirites,
669 2167 719 2224 si
746 2186 836 2238 ea,
865 2186 992 2243 quae
1021 2176 1186 2225 erant
1228 2168 1301 2224 ad
1341 2187 1436 2226 me
1463 2167 1675 2239 delata,
1704 2177 1931 2243 reperta
1957 2186 2073 2224 non
2102 2176 2295 2224 essent
2311 2187 2327 2237 ;

354 2255 552 2303 tamen
580 2265 690 2321 ego
715 2266 832 2303 non
861 2245 1201 2318 arbitrabar,
1223 2246 1284 2304 in
1312 2248 1491 2305 tantis
1516 2246 1849 2323 reipublicae
1869 2245 2164 2322 periculis,
2187 2245 2330 2303 mihi

357 2342 485 2381 esse
507 2323 749 2380 nimiam
768 2324 1130 2400 diligentiam
1154 2326 1693 2400 pertimescendam.
1764 2325 2047 2381 Senatum
2068 2324 2331 2399 frequen·
2362 2327 2435 2382 ⁸25

357 2411 477 2459 tem
506 2401 791 2472 celeriter,
809 2410 874 2457 ut
893 2402 1136 2473 vidistis,
1156 2403 1341 2478 coegi.
1386 2402 1581 2477 Atque
1599 2402 1821 2459 interea
1843 2402 2055 2473 statim,
2081 2402 2335 2459 admoni-

359 2490 422 2537 tu
452 2480 851 2556 Allobrogum,
881 2481 952 2538 C.
984 2479 1328 2555 Sulpicium,
1356 2490 1676 2557 praetorem,
1707 2480 1907 2537 fortem
1946 2480 2151 2551 virum,
2180 2480 2333 2552 misi,

358 2559 478 2634 qui,
521 2578 592 2616 ex
632 2559 853 2616 aedibus
894 2559 1164 2635 Cethegi,
1201 2558 1250 2616 si
1289 2560 1428 2634 quid
1470 2558 1711 2617 telorum
1754 2567 1925 2630 esset,
1955 2558 2219 2616 efferret:
2262 2578 2335 2617 ex

358 2638 568 2714 quibus
595 2637 692 2695 ille
721 2638 1036 2695 maximum
1063 2638 1315 2696 sicarum
1343 2656 1649 2695 numerum
1676 2648 1735 2695 et
1760 2638 2083 2715 gladiorum
2111 2639 2331 2697 extulit.

439 2716 547 2775 IV.
632 2715 934 2776 Introduxi
983 2716 1356 2775 Vulturcium
1402 2717 1529 2774 sine
1574 2716 1793 2775 Gallis:
1857 2717 2030 2774 fidem
2086 2717 2141 2775 ei
2193 2718 2334 2795 pub-
2366 2722 2439 2777 30

359 2796 555 2868 licam,
592 2795 757 2871 jussu
797 2795 1053 2868 senatfiS,
1083 2796 1251 2853 dedi:
1294 2797 1553 2855 hortatus
1592 2814 1740 2867 sum,
1769 2804 1835 2853 ut
1862 2814 1952 2868 ea,
1980 2815 2107 2871 quae
2137 2798 2331 2868 sciret,

271 2898 274 2901 ·
360 2875 484 2933 sine
505 2876 711 2933 timore
732 2874 1034 2933 indicaret.
1099 2874 1277 2951 ⁴Tum
1300 2874 1418 2946 ille,
1442 2872 1579 2933 cum
1600 2875 1695 2932 vix
1714 2895 1777 2933 se
1798 2894 1869 2932 ex
1896 2894 2109 2951 magno
2128 2875 2334 2934 timore

360 2954 697 3025 recreasset,
727 2954 890 3026 dixit,
923 2974 957 3012 a
998 2954 1062 3011 P.
1093 2953 1342 3013 Lentulo
1370 2972 1432 3011 se
1460 2954 1675 3011 habere
1704 2954 1777 3011 ad
1818 2954 2135 3011 Catilinam
2176 2974 2337 3012 man-

361 3033 498 3090 data
537 3042 596 3091 et
634 3034 850 3105 literas„
879 3043 945 3091 ut
972 3052 1262 3091 servorum
1300 3033 1569 3109 praesidio
1608 3042 1890 3103 uteretur,
1915 3042 1973 3089 et
2003 3034 2076 3089 ad
2116 3032 2335 3091 Urbem

361 3109 782 3187 quamprimum
825 3131 959 3170 cum
988 3112 1247 3169 exercitu
1277 3113 1621 3169 accederet:
1664 3112 1725 3169 id
1755 3122 1947 3169 autem
1976 3131 2047 3169 eo
2074 3112 2333 3181 consilio,
2368 3112 2442 3166 35

362 3200 445 3261 ut,
476 3209 611 3248 cum
638 3190 856 3248 Urbem
883 3191 1149 3249 omnibus
1177 3210 1248 3248 ex
1273 3191 1551 3268 partibus,
1573 3190 2058 3266 quemadmodum
2087 3189 2338 3265 descrip-

362 3278 485 3326 tum
527 3270 1010 3347 distributumque
1049 3279 1193 3341 erat,
1227 3269 1644 3340 incendissent,
1674 3269 2008 3343 caedemque
2050 3267 2337 3324 infinitam

363 3348 576 3406 civium
607 3348 911 3418 fecissent;
952 3346 1160 3425 praesto
1190 3358 1342 3405 esset
1370 3347 1487 3419 ille,
1508 3348 1608 3424 qui
1638 3357 1696 3404 et
1717 3346 2005 3422 fiagientes
2026 3346 2337 3421 exciperet,
2441 3388 2450 3400 .

361 3436 422 3485 et
441 3445 504 3485 se
526 3446 659 3485 cum
681 3426 772 3483 his
793 3427 1030 3485 urbanis
1050 3427 1298 3485 ducibus
1319 3426 1715 3503 conjungeret.
1800 3423 2125 3481 Introducti
2146 3435 2339 3482 autem

363 3506 539 3577 Galli,
576 3506 981 3582 jusjurandum
1035 3506 1146 3563 sibi
1199 3514 1258 3563 et
1310 3505 1507 3562 literas
1550 3523 1584 3561 a
1630 3503 1695 3561 P.
1739 3502 2007 3575 Lentulo,
2051 3503 2336 3580 Cethego,
2372 3503 2445 3559 40

366 3586 615 3656 Statilio,
647 3585 719 3642 ad
759 3603 924 3642 suam
961 3595 1194 3661 gentem
1223 3585 1387 3641 datas
1414 3602 1542 3640 esse
1570 3582 1875 3653 dixerunt3
1920 3593 2089 3659 atque
2119 3583 2201 3640 ita
2227 3584 2338 3640 sibi

367 3665 440 3721 ab
468 3664 558 3721 his
585 3674 644 3722 et
673 3683 708 3721 a
733 3664 801 3721 L.
833 3664 1040 3722 Cassio
1067 3682 1192 3721 esse
1218 3662 1637 3739 praescriptum,
1666 3671 1731 3718 ut
1771 3663 2092 3738 equitatum
2122 3662 2181 3720 in
2223 3660 2340 3718 Ita·

366 3744 502 3800 liam
530 3740 956 3819 quamprimum
983 3742 1309 3811 mitterent;
1351 3742 1646 3818 pedestres
1673 3741 1784 3798 sibi
1814 3742 2009 3817 copias
2035 3760 2151 3797 non
2180 3739 2342 3795 defu-

369 3838 556 3881 turas:
599 3822 914 3881 Lentulum
957 3830 1150 3891 autem
1190 3821 1302 3879 sibi
1345 3820 1718 3879 confirmasse
1754 3840 1828 3878 ex
1867 3820 1999 3877 fatis
2041 3816 2342 3893 Sibyllinis
