2698 4492
291 274 374 334 28
438 327 442 332 .
770 275 1042 326 ORATIO
1085 275 1182 327 111.
1231 274 1306 325 IN
1352 275 1413 325 L.
1458 273 1884 325 CATILINAM.

399 415 838 493 aruspicumque
865 418 1166 495 responsis,
1195 437 1258 476 se
1284 437 1411 476 esse
1437 418 1671 476 tertium
1696 417 1859 474 illum
1894 413 2249 487 Cornelium,
2279 415 2353 472 ad

397 512 570 569 quem
605 515 848 572 regnum
888 498 1060 572 hujus
1099 497 1273 554 Urbis
1315 507 1603 571 atquenn
1676 496 1825 552 rium
1862 494 2163 571 pervenire
2203 503 2354 552 esset

307 585 314 594 '
398 591 671 637 necesse·
713 575 965 632 Cinnam
995 584 1128 632 ante
1154 595 1218 632 se
1242 584 1302 632 et
1337 575 1651 632 Sullamu
1612 574 1801 630 uisse:
1841 573 2205 646 eundemque
2232 572 2353 629 dix-

400 650 532 721 isse,
556 651 787 710 fatalem
809 653 966 710 hunc
994 672 1120 710 esse
1147 672 1364 710 annum
1386 653 1457 716 ad
1479 653 1775 710 interitum
1796 651 1967 727 hujus
1987 650 2161 707 Urbis
2182 660 2352 724 atque

329 728 415 781 5
401 731 643 804 imperii,
672 731 772 804 qui
799 742 951 789 esset
977 731 1238 788 decimus
1260 749 1445 788 annus
1463 740 1591 806 post
1608 730 1895 819 virginum
1917 729 2351 799 absolutionem,

397 817 523 882 post
563 808 833 884 Capitolii
874 819 1066 867 autem
1105 809 1500 868 incensionem
1540 808 1864 866 vicesimus.
1946 807 2122 865 Hanc
2160 816 2353 864 autem

398 885 660 962 Cethego
700 906 836 944 cum
889 888 1112 945 caeteris
1166 888 1608 946 controversiam
1655 887 1831 944 fuisse
1869 885 2154 955 dixerunt,
2196 883 2352 958 quod

399 963 647 1024 Lentulo
682 975 741 1022 et
785 965 931 1037 aliis,
961 967 1180 1023 caedem
1207 966 1613 1023 Saturnalibus
1652 965 1797 1035 fieri,
1826 974 1997 1038 atque
2024 963 2283 1020 Urbem
2269 981 2353 1020 ιιι-

399 1042 590 1114 cendi,
616 1043 907 1120 placeret,
951 1044 1212 1132 Cethego
1238 1041 1484 1101 nimium
1511 1043 1570 1100 id
1598 1044 1833 1119 longum
1859 1041 2057 1099 videri.

298 1119 365 1174 10
477 1122 550 1179 V.
633 1124 747 1193 Ac,
768 1137 843 1180 n'e
864 1123 1098 1198 longum
1119 1122 1212 1192 sit,
1231 1121 1517 1191 Quirites,
1540 1121 1779 1178 tabellas
1803 1119 2079 1196 proferri
2057 1119 2351 1196 JussimuS,

261 1213 323 1280 ,(-
398 1217 524 1273 quae
555 1218 588 1256 a
615 1219 840 1274 quoque
845 1200 1208 1258 dicebantur
1235 1200 1401 1256 datae.
1478 1197 1738 1256 Primum
1763 1197 2117 1256 ostendimus
2144 1197 2354 1254 Cethe-
2412 1245 2433 1264 .

396 1297 472 1353 go
491 1277 754 1353 signum:
797 1278 1079 1354 cognovit.
1139 1276 1266 1334 Nos
1291 1277 1474 1334 linum
1504 1277 1845 1335 incidimus:
1886 1276 2148 1353 legimus.
2211 1275 2354 1332 Erat

398 1355 675 1431 scriptum
716 1356 892 1431 ipsius
932 1372 1108 1412 manu
1161 1354 1539 1431 Allobrogum
1580 1352 1805 1414 senatui
1846 1364 1905 1412 et
1940 1355 2164 1430 popu10,
2206 1373 2351 1424 sese,

400 1452 526 1508 quae
567 1452 764 1490 eorum
803 1433 1010 1510 legatis
1062 1433 1475 1504 confirmasset,
1518 1453 1643 1498 esse
1684 1434 2005 1490 facturum:
2064 1451 2247 1501 orare,
2290 1442 2353 1488 ut

297 1523 365 1576 15
400 1511 538 1568 item
567 1511 649 1568 illi
679 1511 954 1582 facerent,
983 1530 1110 1586 quae
1151 1511 1263 1568 sibi
1304 1478 1480 1587 legati
1520 1531 1717 1571 eorum
1745 1511 2111 1587 recepissent.
2193 1510 2353 1568 Tum

400 1590 715 1666 CetheguS,
734 1590 832 1664 qui
850 1588 1023 1666 paulo
1048 1589 1180 1647 ante
1205 1589 1423 1664 aliquid
1443 1591 1516 1648 de
1542 1590 1749 1666 gladiis
1779 1608 1848 1647 ac
1876 1589 2032 1659 siciS,
2055 1607 2181 1663 quae
2204 1590 2352 1664 apud

401 1667 586 1743 ipsum
613 1678 777 1726 erant
804 1669 1191 1744 deprehensae,
1219 1669 1622 1744 respondisset,
1651 1668 2021 1742 dixissetque,
2043 1687 2105 1724 se
2132 1686 2353 1742 semper

399 1746 676 1804 bonorum
736 1747 1208 1804 ferramentorum
1267 1746 1585 1804 studiosum
1643 1746 1837 1817 fuisse,
1878 1745 2135 1803 recitatis
2173 1745 2355 1802 literis

399 1824 730 1882 debilitatus
785 1834 955 1900 atque
1011 1824 1289 1902 abjectus,
1345 1825 1702 1919 conscientia
1756 1824 2071 1897 convictus,
2118 1822 2352 1900 repente

293 1912 367 1966 20
401 1903 697 1961 conticuit.

478 1980 848 2038 Introductus
871 1981 1132 2038 Statilius
1154 1980 1420 2057 cognovit
1440 1981 1668 2076 signum
1686 1990 1744 2039 et
1758 1999 1993 2038 manum
2014 1999 2193 2038 suam.
2236 1981 2356 2038 Re-

401 2059 592 2117 citatae
617 2065 753 2117 Sunt
779 2059 1036 2117 tabellae
1021 2079 1081 2116 m
1099 2060 1344 2118 eandem
1372 2057 1491 2116 fere
1514 2059 1892 2117 sententiam:
1935 2061 2231 2118 confessus
2250 2070 2352 2117 est.

479 2137 639 2194 Tum
677 2137 901 2196 ostendi
941 2138 1182 2195 tabellas
1222 2137 1500 2207 Lentulo;
1543 2146 1601 2194 et
1628 2138 1880 2211 quaesivi,
1910 2148 2355 2214 cognosceretne

401 2216 646 2293 signum.
729 2215 972 2275 Annuit.
1056 2215 1162 2275 Est
1189 2214 1344 2287 vero,
1375 2215 1630 2291 inquam,
1664 2217 1891 2293 signum
1920 2227 2137 2289 notum,
2167 2217 2357 2293 imago

294 2304 367 2359 25
402 2296 491 2353 avi
511 2296 616 2367 tui,
639 2295 943 2353 clarissimi
969 2296 1096 2367 viri,
1119 2295 1218 2371 qui
1247 2295 1458 2353 amavit
1480 2294 1651 2353 unice
1673 2295 1916 2372 patriam
1938 2306 1995 2354 et
2016 2296 2170 2353 cives
2190 2315 2353 2365 suos;

400 2394 526 2449 quae
555 2375 787 2449 quidem
812 2384 872 2432 te
899 2392 935 2431 a
960 2384 1120 2433 tanto
1145 2373 1393 2446 scelere,
1414 2374 1589 2433 etiam
1621 2383 1801 2445 muta,
1830 2393 2097 2432 revocare
2138 2373 2353 2431 debuit.

400 2453 698 2529 Leguntur
725 2452 928 2511 eadem
951 2453 1170 2511 ratione
1195 2454 1268 2511 ad
1294 2463 1557 2511 senatum
1579 2453 1956 2529 Allobrogum
1975 2452 2356 2529 populumque

397 2532 611 2589 literae:
655 2532 703 2589 si
744 2532 882 2606 quid
923 2532 995 2589 de
1036 2532 1128 2589 his
1167 2532 1339 2589 rebus
1381 2532 1577 2589 dicere
1616 2531 1805 2602 vellet,
1848 2531 1961 2588 feci
2000 2539 2354 2625 potestatem.

400 2609 595 2699 Atque
623 2609 719 2667 ille
743 2608 928 2685 primo
959 2610 1190 2698 quidem
1218 2610 1487 2685 negavit:
1527 2607 1657 2685 post
1686 2619 1877 2667 autem
1907 2606 2219 2683 aliquanto,
2240 2618 2359 2667 toto

293 2692 366 2747 30
394 2687 516 2763 jam
555 2688 772 2744 indicio
807 2688 1059 2763 exposito
1069 2698 1257 2777 ’atque
1284 2688 1458 2758 edite,
1488 2687 1762 2745 surrexit:
1805 2687 2064 2763 quaesivit
2092 2706 2126 2744 a
2151 2687 2355 2758 Gallis,

401 2766 540 2856 quid
567 2765 677 2821 sibi
705 2774 856 2822 esset
883 2784 1018 2822 cum
1046 2766 1151 2823 iis.
1194 2766 1564 2858 quamobrem
1593 2767 1822 2823 domum
1852 2784 2013 2822 suam
2035 2766 2354 2836 venissent3

401 2844 654 2917 itemque
695 2862 730 2901 a
768 2842 1090 2902 Vulturcio.
1171 2843 1299 2905 Qui
1340 2862 1493 2901 cum
1519 2843 1603 2900 illi
1643 2844 1888 2902 breviter
1917 2853 2391 2918 constanterque*

399 2921 840 2997 respondissent,
867 2941 968 2997 per
996 2941 1168 2996 quem
1196 2922 1270 2989 ad
1305 2940 1461 2993 eum,
1491 2922 1843 2997 quotiesque,
1873 2922 2179 2993 venissent,
2209 2942 2359 2997 quae-

400 3000 721 3073 sissentque
751 3000 822 3056 ab
850 3018 938 3070 eo,
966 3001 1186 3058 nihilne
1215 3019 1414 3058 secum
1442 3010 1593 3059 esset
1620 3003 1692 3058 de
1720 3000 1851 3058 fatis
1880 3000 2189 3091 Sibyllinis
2203 3001 2360 3058 locu-

295 3082 366 3137 35
401 3089 528 3148 tus3
571 3087 694 3134 tum
722 3078 819 3135 ille
847 3076 1058 3151 subito,
1087 3079 1306 3136 scelere
1348 3080 1605 3150 demenS,
1634 3088 1850 3153 quanta
1877 3079 2244 3137 conscientiae
2274 3080 2359 3137 vis

399 3166 569 3228 esset,
597 3156 862 3214 ostendit.
944 3156 1120 3228 Nam,
1144 3175 1281 3214 cum
1302 3157 1362 3214 id
1381 3168 1570 3233 posset
1590 3124 1857 3229 inficiari,
1879 3155 2134 3233 repente,
2155 3168 2359 3234 proeter

397 3236 723 3326 opinionem
763 3234 1040 3306 omnium,
1070 3235 1364 3293 confessus
1404 3246 1527 3293 est:
1570 3236 1653 3293 ita
1678 3254 1831 3306 eum,
1860 3255 1975 3293 non
2002 3235 2215 3294 modo
2201 3256 2361 3312 inge-

399 3315 561 3372 nium
589 3314 749 3385 illud,
778 3323 837 3372 et
863 3314 1097 3372 dicendi
1126 3314 1480 3385 exercitatio,
1510 3332 1623 3389 qua
1652 3332 1874 3389 semper
1900 3314 2098 3385 valuit,
2128 3315 2229 3371 sed
2258 3316 2362 3371 eti-

403 3411 513 3463 am,
553 3403 777 3469 propter
817 3393 931 3451 vim
973 3393 1208 3451 sceleris
1248 3392 1538 3451 manifesti
1582 3403 1751 3467 atque
1792 3392 2195 3468 deprehensi,
2182 3412 2362 3469 impu-

297 3470 367 3524 40
402 3470 616 3541 dentia,
645 3471 760 3543 qua
787 3472 1091 3547 superabat
1116 3490 1334 3543 omnes,
1364 3472 1839 3547 improbitasque,
1857 3471 2084 3529 defecit.

480 3548 821 3606 Vulturcius
859 3548 994 3607 vero
1032 3548 1222 3607 subito
1249 3550 1488 3625 proferri
1516 3550 1712 3607 literas
1741 3560 1911 3623 atque
1941 3549 2147 3625 aperiri
2170 3550 2357 3625 jussit,

403 3644 546 3699 quas
573 3625 683 3683 sibi
713 3644 746 3681 a
773 3625 1022 3684 Lentulo
1049 3628 1122 3684 ad
1149 3628 1464 3685 Catilinam
1489 3628 1651 3683 datas
1678 3647 1805 3685 esse
1832 3628 2081 3686 dicebat.
2164 3628 2361 3701 Atque

402 3703 486 3760 ibi
525 3703 1024 3761 vehementissime
1066 3707 1430 3780 perturbatus
1470 3704 1770 3778 Lentulus,
1799 3717 1993 3765 tamen
2033 3716 2092 3764 et
2132 3706 2363 3781 signum

403 3801 572 3840 suum
592 3792 652 3840 et
669 3800 907 3839 manum
929 3783 1211 3860 cognovit.
1294 3783 1479 3841 Erant
1498 3793 1687 3841 autem
1710 3785 1933 3862 scriptae
1962 3785 2087 3844 sine
2108 3784 2361 3857 nomine,
