2698 4492
801 335 1076 385 ORATIO
1122 335 1262 385 PRO
1308 336 1592 385 ARCHIA
1639 334 1895 386 POETA.
1943 352 1950 361 ·
2313 336 2395 396 97

310 478 496 539 natur.
580 479 653 538 In
689 479 899 537 coelum
946 478 1116 555 hujus
1152 498 1397 555 proavus
1436 479 1586 537 Cato
1622 480 1877 537 tollitur:
1919 498 2165 557 magnus
2191 478 2289 537 ho-

308 580 413 617 nos
453 559 643 636 populi
700 558 955 616 Romani
1007 558 1181 615 rebus
1222 558 1568 634 adjungitur.
1651 558 1874 615 Omnes
1913 559 2162 633 denique
2203 558 2286 616 illi

310 638 574 709 Maximi,
619 636 906 707 Marcelli,
948 636 1160 707 Fulvii,
1203 656 1317 694 non
1359 638 1485 693 sine
1527 637 1819 695 communi
1858 636 2118 694 omnium
2157 657 2286 695 nos-

309 718 463 775 trum
489 717 664 775 laude
690 718 1051 775 decorantur.

388 796 467 854 X.
536 796 697 886 Ergo
733 795 917 866 illum,
942 794 1041 869 qui
1082 794 1209 853 haec
1250 793 1486 865 fecerat,
1524 793 1790 851 Rudium
1830 795 2140 866 hominem,
2169 814 2288 852 ma·
2357 806 2394 858 5

308 873 457 951 jores
485 876 661 933 nostri
684 874 743 931 in
765 872 1056 931 civitatem
1076 882 1454 948 receperunt3
1495 892 1601 931 nos
1627 874 1784 930 hunc
1812 870 2285 945 Heracleensem,

312 953 506 1011 multis
545 953 875 1011 civitatibus
914 951 1247 1027 expetitum,
1291 952 1353 1008 in
1407 952 1520 1010 hac
1574 961 1768 1008 autem
1813 951 2040 1029 legibus
2081 954 2289 1011 consti-

314 1041 519 1103 tutum,
549 1033 621 1090 de
649 1031 840 1091 nostra
870 1030 1102 1088 civitate
1129 1030 1472 1106 ejiciemus?

393 1111 452 1167 N
458 1129 569 1181 am
591 1111 640 1169 si
666 1110 793 1187 quis
819 1104 1098 1169 minorem
1125 1109 1319 1185 gloriae
1351 1108 1601 1166 fructum
1628 1118 1791 1186 putat
1817 1128 1890 1165 ex
1914 1109 2139 1167 Graecis
2167 1128 2288 1167 ver·

314 1189 473 1246 sibus
511 1190 745 1266 percipi,
773 1186 944 1264 quam
973 1206 1046 1245 ex
1084 1186 1328 1257 LatiniS,
1359 1189 1724 1245 vehementer
1765 1197 1951 1256 errat3
1992 1198 2289 1265 propterea
2326 1195 2395 1248 10

314 1266 468 1343 quod
506 1268 714 1327 Graeca
751 1268 1020 1363 leguntur
1062 1265 1123 1323 in
1160 1232 1428 1322 omnibus
1457 1264 1575 1323 fere
1615 1266 1902 1342 gentibue,
1931 1266 2142 1325 Latina
2169 1267 2288 1323 suis

314 1348 543 1418 finibuS,
585 1347 809 1423 exiguis
848 1364 1011 1415 sane,
1054 1343 1440 1402 continentur.
1519 1344 1745 1416 Quare,
1787 1344 1836 1401 si
1876 1365 1969 1402 res
2009 1347 2118 1416 hae,
2147 1364 2289 1421 quas

313 1426 615 1503 gessimus,
654 1426 809 1485 orbis
866 1434 1033 1481 terrae
1089 1422 1420 1498 regionibus
1480 1423 1863 1493 definiuntur-3
1921 1443 2133 1500 cupere
2193 1424 2289 1481 de-

315 1505 535 1574 bemus,
564 1503 678 1579 quo
707 1521 984 1560 manuum
1011 1512 1331 1559 nostrarum
1375 1502 1490 1559 tela
1526 1467 1908 1577 perveneririt,
1937 1502 2142 1560 eodem
2171 1502 2288 1580 glo-

316 1582 461 1639 riam
481 1583 805 1657 famamque
824 1590 1161 1657 penetrare3
1202 1577 1359 1654 quod
1380 1578 1516 1637 cum
1540 1580 1676 1655 ipsis
1694 1582 1933 1657 populiS,
1957 1582 2028 1639 de
2047 1600 2288 1657 quorum
2327 1578 2394 1632 15

319 1661 491 1717 rebus
531 1661 817 1729 scribitur,
848 1661 975 1716 haec
1018 1623 1203 1733 ampla
1242 1668 1410 1728 sunt;
1453 1667 1576 1715 turn
1619 1657 1688 1715 iis
1717 1658 1896 1731 certe,
1923 1660 2022 1734 qui
2049 1661 2122 1717 de
2149 1660 2286 1730 vita,

320 1738 513 1814 gloriae
554 1738 753 1809 causa,
794 1704 1092 1806 dimicant,
1122 1737 1232 1794 hoc
1270 1736 1585 1794 maximum
1624 1748 1683 1795 et
1720 1737 2106 1814 periculorum
2146 1738 2289 1796 inci-

319 1826 639 1874 tamentum
666 1826 771 1887 est,
800 1825 859 1872 et
883 1814 1158 1872 laborum.

395 1892 599 1955 Quam
638 1894 845 1951 multos
884 1892 1189 1969 scriptores
1223 1913 1414 1952 rerum
1443 1912 1678 1951 suarum
1705 1914 1950 1972 magnus
1977 1894 2074 1953 ille
2113 1895 2288 1952 Alex-

320 1974 499 2031 ander
540 1992 739 2031 secum
772 1971 1049 2030 habuisse
1089 1972 1337 2030 dicitur!
1404 1973 1640 2049 Atque
1627 1992 1675 2030 is
1703 1984 1916 2046 tamen,
1946 1993 2082 2032 cum
2111 1975 2171 2032 in
2201 1975 2289 2032 Si·
2325 1980 2398 2034 20

316 2072 427 2129 geo
468 2054 540 2109 ad
582 2052 831 2110 Achillis
871 2051 1153 2109 tumulum
1195 2051 1525 2122 adstitisset,
1569 2058 1605 2084 “
1624 2052 1682 2109 O
1711 2053 2052 2126 fortunate,’'
2084 2054 2287 2129 inquit,

319 2132 734 2202 “adolescens,
786 2130 886 2205 qui
938 2138 1051 2187 tuae
1111 2130 1335 2187 virtutis
1389 2097 1710 2189 Horiierum
1761 2152 2084 2208 praeconem
2137 2133 2292 2190 inve-

318 2208 543 2269 neris!’'
614 2209 692 2268 Et
730 2208 903 2268 vere.
890 2228 903 2241 ·
953 2227 1109 2281 nam,
1149 2208 1263 2267 nisi
1304 2208 1446 2266 Ilias
1486 2208 1584 2266 illa
1623 2210 1966 2282 exstitisset,
1953 2231 1966 2245 ·
2011 2211 2163 2270 idem
2204 2221 2292 2268 tu-

320 2290 526 2360 muluS,
567 2288 665 2365 qui
706 2308 911 2365 corpus
950 2288 1073 2363 ejus
1114 2298 1464 2359 contexerat,
1505 2307 1715 2346 nomen
1769 2290 1944 2346 etiam
1989 2290 2288 2348 obruisset.

316 2368 527 2430 Quid?
562 2378 771 2426 noster
812 2368 910 2425 hic
951 2365 1225 2443 Magnus,
1253 2367 1353 2440 qui
1395 2385 1529 2423 cum
1570 2366 1778 2424 virtute
1819 2369 2103 2425 fortunam
2147 2369 2293 2425 adae-
2327 2375 2400 2428 25

320 2447 532 2521 quavit,
572 2467 763 2505 nonne
803 2446 1223 2522 Theophanem
1264 2442 1681 2518 Mitylenaeum,
1725 2445 2058 2522 scriptorem
2100 2465 2290 2503 rerum

322 2544 575 2596 suarum,
604 2525 664 2583 in
704 2525 983 2583 concione
1024 2523 1291 2592 militum,
1322 2523 1554 2580 civitate
1589 2523 1864 2581 donavit?
1918 2534 1977 2582 et
2001 2526 2179 2583 nostri
2209 2525 2292 2583 illi

322 2602 494 2661 fortes
534 2604 659 2675 viri,
700 2602 802 2661 sed
844 2602 1045 2661 rustici
1085 2621 1156 2659 ac
1196 2567 1432 2672 milites,
1462 2601 1770 2660 dulcedine
1809 2603 2058 2678 quadam
2099 2603 2294 2680 gloriae

322 2683 611 2753 commoti,
648 2682 811 2760 quasi
850 2681 1158 2759 participes
1197 2679 1454 2757 ejusdem
1494 2680 1702 2752 laudis,
1745 2701 1956 2760 magno
1995 2683 2137 2741 illud
2179 2683 2294 2739 cla-

322 2779 478 2818 more
507 2757 1025 2850 approbaverunt'l·
2329 2765 2402 2819 30

400 2837 623 2915 Itaque,
649 2839 890 2916 (credo)
902 2839 951 2896 si
974 2837 1117 2896 civis
1137 2837 1441 2896 Romanus
1463 2838 1715 2896 Archias
1733 2839 1959 2917 legibus
1979 2859 2093 2899 non
2121 2851 2292 2913 esset,

322 2928 386 2974 ut
415 2919 487 2975 ab
516 2918 705 2994 aliquo
746 2918 1085 2994 imperatore
1126 2917 1360 2974 civitate
1400 2918 1728 2990 donaretur,
1754 2919 2032 2996 perficere
2059 2940 2176 2977 non
2201 2939 2296 2995 pt>

321 2997 447 3054 tuit.
531 2998 713 3068 Sulla,
742 3015 879 3054 cum
921 2997 1211 3072 Hispanos
1250 3006 1308 3053 et
1346 2997 1546 3054 Gallos
1587 2997 1844 3068 donaret,
1876 2998 2106 3077 (credo)
2137 3000 2295 3056 hunc

320 3085 609 3150 petentem
649 3075 1042 3151 repudiasset.
1082 3093 1254 3149 quem
1294 3095 1400 3132 nos
1441 3074 1500 3133 in
1543 3076 1822 3134 concione
1863 3077 2128 3147 vidimus,
2158 3095 2293 3134 cum

320 3153 377 3210 ei
404 3154 663 3212 libellum
690 3153 877 3211 malus
900 3158 1075 3229 poeta
1099 3154 1173 3210 de
1198 3154 1406 3228 populo
1445 3154 1805 3230 subjecisset,
1833 3153 1987 3230 quod
2015 3156 2296 3231 epigram·
2331 3163 2403 3214 35

322 3250 417 3288 ma
437 3232 497 3289 in
518 3252 651 3290 eum
676 3232 909 3290 fecisset
926 3233 1321 3291 tantummodo
1348 3233 1582 3291 alternis
1601 3233 1858 3290 versibus
1898 3233 2293 3309 longiusculis,

322 3311 515 3368 statim
542 3311 712 3369 exiis
752 3311 942 3382 rebus,
971 3330 1114 3386 quas
1152 3321 1293 3368 tunc
1334 3312 1637 3381 vendebat,
1661 3311 1863 3386 jubere
1904 3311 1960 3369 ei
1998 3311 2294 3386 praemium

321 3389 516 3460 tribui,
558 3390 665 3446 sub
718 3389 789 3446 ea
837 3389 1184 3460 conditione,
1226 3410 1302 3447 ne
1339 3390 1478 3464 quid
1533 3400 1732 3465 postea
1790 3389 2082 3446 scriberet.
2164 3387 2290 3450 Qui

322 3468 685 3526 sedulitatem
713 3468 849 3525 mali
876 3473 1060 3544 poetae
1089 3468 1315 3526 duxerit
1344 3467 1536 3542 aliquo
1559 3478 1752 3524 tamen
1780 3467 2012 3544 praemio
2039 3468 2294 3544 dignam,

225 3589 233 3596 .
323 3545 533 3621 hujus
519 3546 817 3624 ingenium
844 3558 902 3604 et
931 3547 1197 3605 virtutem
1224 3547 1285 3604 in
1320 3545 1627 3604 scribendo
1652 3555 1710 3603 et
1738 3545 1962 3622 copiam
1989 3567 2102 3605 non
2131 3567 2288 3624 expe-
2333 3554 2404 3606 40

322 3623 528 3682 tisset‘l
595 3625 802 3686 Quid?
862 3645 897 3682 a
934 3626 1014 3687 Q.
1045 3624 1285 3683 Metello
1312 3625 1437 3697 Pio,
1468 3625 1912 3682 familiarissimo
1939 3645 2061 3697 suo,
2089 3627 2187 3702 qui
2218 3628 2292 3684 ci-

322 3702 497 3761 vitate
544 3705 752 3761 multos
797 3704 1049 3775 donavit,
1091 3723 1281 3794 neque
1326 3723 1428 3781 per
1473 3723 1557 3775 se,
1604 3722 1794 3778 neque
1833 3723 1963 3794 per
1998 3705 2297 3775 LuculloS‚

324 3780 776 3859 impetravisset?
818 3783 918 3858 qui
959 3782 1273 3860 praesertim
1312 3801 1494 3859 usque
1531 3802 1604 3840 eo
1647 3783 1721 3841 de
1760 3783 1881 3841 suis
1919 3784 2092 3842 rebus
2119 3783 2297 3841 scribi
