2698 4492
346 277 427 337 70
970 277 1242 326 ORATIO
1286 275 1428 325 PRO
1471 277 1539 335 Q.
1585 275 1908 325 LIGARIO.

1198 512 1659 661 ORATIO

832 821 1092 931 PRO
1182 822 1303 913 Q.
1383 819 2017 895 LIGARIO.

520 1211 569 1270 1.
612 1212 843 1270 Novum
873 1213 1115 1284 crimen,
1144 1211 1255 1269 cai
1284 1211 1504 1280 Caesar,
1533 1219 1592 1268 et
1627 1218 1762 1267 ante
1801 1209 1962 1267 hunc
2001 1209 2156 1266 diem
2199 1209 2435 1267 inaudi-

442 1301 586 1361 tum,
628 1291 976 1366 propinquus
1020 1309 1185 1347 meus
1232 1289 1306 1347 ad
1353 1299 1431 1359 te,
1457 1289 1538 1350 Q.
1568 1288 1827 1358 Tubero,
1874 1287 2099 1358 detulit,
2137 1287 2220 1348 Q.
2251 1289 2434 1364 Liga-

442 1369 591 1427 rium
622 1369 681 1425 in
710 1369 914 1425 Africa
944 1369 1153 1426 fuisse:
1195 1368 1368 1444 idque
1397 1368 1466 1425 C.
1496 1367 1708 1437 Pansa,
1735 1366 2025 1442 praestanti
2053 1366 2138 1422 vir
2166 1366 2430 1442 ingenio,

444 1445 623 1504 fretus
656 1446 891 1504 fortasse
938 1446 1008 1504 ea
1058 1446 1446 1504 familiaritate
1485 1465 1612 1520 quae
1653 1455 1740 1502 est
1779 1444 1833 1501 ei
1875 1453 2091 1515 tecum,
2121 1463 2296 1502 ausus
2339 1455 2432 1502 est

375 1532 413 1586 5
444 1523 721 1583 confiteri.
830 1524 1057 1600 Itaque,
1099 1523 1215 1600 quo
1257 1544 1354 1581 me
1393 1535 1631 1594 vertam,
1685 1522 1914 1593 nesci03
1971 1533 2206 1598 paratus
2263 1525 2428 1580 enim

442 1622 733 1675 veneram,
778 1601 951 1680 (cum
968 1612 1031 1660 tu
1080 1602 1140 1660 id
1180 1621 1370 1677 neque
1395 1621 1498 1678 per
1543 1611 1601 1658 te
1628 1602 1826 1671 scireS,
1854 1620 2042 1676 neque
2081 1602 2280 1658 audire
2325 1603 2430 1660 ali-

443 1683 598 1741 unde
624 1683 931 1761 potuisses)
962 1690 1027 1739 ut
1052 1681 1410 1758 ignoratione
1437 1679 1538 1737 tua
1568 1681 1639 1736 ad
1669 1678 1915 1737 hominis
1953 1679 2148 1736 miseri
2176 1680 2428 1738 salutem

444 1763 744 1820 abuterer:
786 1763 907 1834 sed,
936 1759 1208 1836 quoniam
1254 1758 1558 1835 diligentia
1605 1757 1829 1815 inimici
1865 1757 2271 1834 investigatum
2314 1769 2424 1829 est,

443 1841 595 1916 quod
640 1841 875 1911 latebat,
930 1838 1319 1898 confitendum
1363 1847 1469 1908 est,
1510 1845 1589 1906 =·ut
1637 1837 1871 1913 opinor;
1927 1835 2239 1912 praesertim
2283 1835 2424 1894 clim

344 1919 413 1974 10
443 1937 607 1976 meus
632 1918 1013 1988 necessarius,
1042 1917 1111 1975 C.
1142 1916 1352 1986 Pansa,
1381 1915 1604 1986 fecerit,
1632 1925 1696 1972 ut
1723 1915 1783 1972 id
1816 1915 1937 1990 jam
1976 1914 2261 1990 integrum
2304 1935 2423 1974 non

442 2006 626 2052 esset:
666 1995 991 2070 omissaque
1014 1993 1420 2064 controversia,
1442 1994 1628 2051 omnis
1654 1993 1837 2051 oratio
1865 1993 1936 2049 ad
1963 1992 2422 2052 misericordiam

442 2084 602 2130 tuam
631 2073 980 2130 conferenda
1005 2083 1131 2144 est3
1174 2074 1291 2151 qua
1316 2072 1552 2149 plurimi
1579 2081 1715 2129 sunt
1753 2071 2092 2142 conservati,
2121 2068 2258 2128 cum
2287 2091 2323 2129 a
2363 2083 2422 2131 te

446 2171 559 2210 non
586 2150 983 2209 liberationem
1012 2153 1215 2230 culpae,
1243 2153 1345 2210 sed
1372 2152 1545 2209 errati
1573 2152 1822 2222 veniam,
1851 2150 2321 2225 impetravissent.

520 2230 721 2289 Habes
749 2230 942 2308 igitur,
972 2231 1230 2303 Tuber0,
1262 2231 1441 2309 (quod
1469 2240 1556 2288 est
1598 2229 1919 2288 accusatori
1946 2227 2194 2285 maxime
2223 2238 2421 2305 optan-

344 2308 411 2361 15
440 2311 605 2391 dum)
637 2310 1006 2370 confitentem
1032 2328 1215 2381 reum,
1245 2310 1347 2367 sed
1375 2319 1568 2367 tamen
1597 2308 1678 2366 ita
1724 2308 2112 2377 confitentem,
2141 2327 2202 2365 se
2245 2309 2304 2366 in
2345 2310 2418 2366 eii

438 2400 599 2466 parte
622 2390 817 2461 fuisse,
844 2390 959 2465 quii
986 2399 1064 2460 te,
1093 2389 1352 2459 Tubero,
1381 2387 1496 2463 qua
1525 2388 1708 2445 virum
1753 2386 1910 2446 omni
1955 2386 2127 2445 laude
2154 2386 2416 2462 dignum,

438 2479 659 2544 patrem
690 2479 872 2526 tuum.
955 2468 1159 2543 Itaque
1205 2465 1366 2543 prius
1412 2467 1485 2523 de
1535 2477 1720 2524 vestro
1765 2468 1977 2525 delicto
2005 2464 2415 2533 confiteamini.

439 2567 679 2605 necesse
706 2558 812 2618 est,
840 2545 1013 2622 quam
1044 2545 1263 2622 Ligarii
1292 2545 1470 2601 ullam
1499 2545 1727 2620 culpam
1754 2546 2201 2621 reprehendatis,

516 2624 597 2686 Q.
642 2626 797 2682 enim
839 2625 1127 2701 LigariuS,
1171 2622 1309 2680 cum
1351 2633 1500 2680 esset
1543 2625 1732 2681 adhuc
1771 2624 1931 2681 null‘a
1972 2624 2106 2680 belli
2147 2624 2415 2699 suspicio,

339 2708 412 2761 20
441 2702 665 2777 legatus
708 2704 768 2759 in
816 2703 1079 2760 Africam
1123 2721 1258 2759 cum
1302 2701 1372 2758 C.
1403 2702 1679 2759 Considio
1719 2702 2007 2777 profectus
2034 2712 2158 2759 est:
2199 2702 2314 2777 qua
2355 2702 2415 2759 in

364 2831 377 2844 ,
440 2780 748 2854 legatione,
792 2790 853 2837 et
897 2781 1119 2838 civibus
1165 2790 1225 2837 et
1270 2780 1444 2837 sociis
1485 2780 1566 2837 ita
1605 2800 1666 2837 se
1705 2781 1981 2855 probavit,
2023 2790 2087 2837 ut
2127 2780 2416 2839 decedens

440 2858 752 2914 Considius
815 2858 1111 2933 provincia
1166 2858 1500 2915 satisfacere
1567 2859 1894 2915 hominibus
1949 2879 2064 2916 non
2116 2869 2323 2934 posset,
2365 2860 2415 2916 si

440 2954 765 3011 quenquam
797 2936 973 2993 alium
1000 2937 1305 3012 provinciae
1335 2937 1701 3012 praefecisset.
1785 2936 2005 3011 Itaque
2034 2937 2114 2998 Q.
2148 2937 2414 3013 Ligarius

444 3011 629 3089 (cum,
684 3014 785 3071 diu
838 3034 1131 3085 recusanS,
1185 3015 1327 3073 nihil
1383 3015 1742 3094 profecisset)
1797 3016 2148 3091 provinciam
2192 3016 2414 3091 accepit

339 3096 411 3150 25
442 3092 689 3151 invitus:
732 3093 829 3151 cui
858 3093 943 3149 sic
968 3094 1193 3169 praefuit
1224 3094 1281 3151 in
1317 3113 1483 3169 pace,
1512 3104 1576 3151 ut
1602 3103 1659 3151 et
1707 3094 1930 3151 civibus
1974 3105 2034 3151 et
2079 3095 2250 3151 sociis
2289 3113 2414 3169 gra-

433 3173 661 3239 tissima
687 3183 837 3231 esset
866 3171 989 3248 ejus
1018 3172 1316 3248 integritas
1344 3182 1402 3231 et
1431 3172 1588 3231 fides.
1673 3173 1899 3229 Bellum
1927 3172 2116 3229 subito
2165 3174 2409 3242 exarsit3

438 3253 610 3327 quod,
638 3252 734 3328 qui
764 3261 928 3311 erant
956 3250 1014 3308 in
1046 3251 1270 3321 Africa,
1302 3249 1434 3307 ante
1467 3251 1772 3308 audierunt
1817 3250 1961 3327 geri,
1991 3248 2165 3325 quam
2205 3251 2409 3326 parari.
2431 3244 2466 3315 ἦ
2518 3279 2534 3288 ·

434 3332 577 3393 Quo
631 3333 846 3404 audito,
891 3330 1098 3406 partim
1142 3330 1456 3405 cupiditate
1504 3328 1949 3400 inconsiderata,
1995 3330 2203 3403 partim
2257 3348 2414 3387 caeco

438 3412 684 3484 quodam
712 3412 935 3480 timore,
963 3406 1148 3487 primo
1197 3408 1415 3478 salutis,
1461 3405 1590 3483 post
1637 3407 1810 3465 etiam
1847 3407 2021 3464 studii
2049 3408 2158 3477 sui,
2201 3427 2470 3482 quaere-..-

337 3487 410 3541 30
438 3489 577 3545 bant
606 3489 852 3564 aliquem
880 3490 1123 3546 ducem:
1167 3484 1302 3544 cum
1330 3486 1618 3563 LigariuS,
1647 3487 1883 3543 domum⁴
1921 3495 2205 3561 spectanS,
2234 3497 2293 3543 et
2342 3487 2411 3544 ad

438 3584 571 3623 suos
609 3567 797 3623 redire
845 3568 1103 3641 cupienS,
1157 3564 1315 3622 nullo
1355 3584 1416 3621 se
1472 3564 1753 3638 implicari
1799 3565 2031 3639 negotio
2069 3583 2268 3638 passus
2307 3574 2408 3621 est.

442 3643 680 3700 [nterim
739 3644 803 3700 P.
850 3645 1045 3701 Attius
1102 3644 1313 3713 Varus,
1354 3643 1452 3717 qui
1507 3654 1709 3717 praetor
1749 3642 2014 3698 Africam
2067 3643 2410 3713 obtinuerat,

444 3720 671 3778 Uticam
724 3721 918 3777 venit:
963 3722 1035 3778 ad
1078 3740 1211 3779 eum
1254 3721 1447 3778 statim
1489 3739 1834 3778 concursum
1875 3730 1977 3777 est.
2079 3722 2276 3794 Atque
2317 3722 2412 3778 ille
2455 3773 2466 3795 ‚

439 3818 554 3857 non
581 3799 857 3856 mediocri
879 3798 1193 3873 cupiditate
1223 3799 1458 3874 arripuit
1487 3798 1806 3873 imperium,
1837 3798 1884 3854 si
1927 3798 2068 3855 illud
2110 3798 2410 3873 imperium
2433 3801 2494 3837 -⁴'·

334 3882 410 3939 35
439 3896 565 3934 esse
590 3878 793 3956 potuit,
822 3876 972 3951 quod
1002 3876 1073 3933 ad
1100 3875 1403 3951 privatum,
1433 3876 1682 3934 clamore
1711 3876 2413 3958 multitudinis-imperitae,
