2698 4492
917 196 972 231 x

338 288 421 349 06
868 287 1140 338 ORATIO
1183 286 1323 337 PRO
1366 285 1649 337 ARCHIA
1692 284 1945 336 POETA.

436 430 695 491 Deorum
736 430 929 507 aliquo
966 432 1117 489 dono
1158 439 1329 506 atque
1368 448 1608 488 munere
1651 428 2042 488 commendati
2079 428 2246 487 nobis
2285 449 2418 492 esse

438 511 755 568 videantur.

519 589 611 646 Sit
650 589 844 665 igitur,
879 588 1126 665 judices,
1168 598 1436 645 sanctum
1477 588 1627 664 apud
1667 605 1785 658 vos,
1826 586 2270 645 humanissimos
2315 587 2416 646 ho-

438 668 644 739 mines,
673 669 784 725 hoc
822 672 1007 745 poetae
1046 686 1278 738 nomen,
1305 666 1457 742 quod
1485 666 1644 724 nulla
1670 684 1922 741 unquam
1950 664 2216 723 barbaria
2243 666 2414 725 viola·

374 748 411 801 5
437 747 535 805 vit.
620 748 775 804 Saxa
814 757 872 805 et
910 746 1247 805 solitudines
1285 744 1414 803 voci
1460 745 1837 821 respondent;
1881 744 2078 801 bestiae
2119 764 2269 821 saepe
2310 746 2414 802 im·

440 844 639 883 manes
666 836 842 883 cantu
882 824 1189 883 flectuntur
1224 836 1393 899 atque
1421 823 1773 881 consistunt:
1815 842 1938 892 nos,
1967 823 2213 881 instituti
2240 824 2412 881 rebus

438 905 685 981 optimis,
727 924 843 963 non
892 910 1193 981 poetarum
1232 922 1374 961 voce
1425 903 1799 959 moveamur'l
1881 900 2202 959 Homerum
2243 902 2411 961 Colo-

439 983 635 1061 phonii
662 983 849 1041 civem
874 1002 1001 1041 esse
1028 982 1231 1040 dicunt
1258 1000 1426 1038 suum
1448 1000 1463 1051 ;
1525 980 1665 1038 Chii
1691 998 1860 1037 suum
1879 980 2205 1049 vindicant3
2250 982 2410 1039 Sala-

442 1062 605 1120 minii
632 1071 926 1139 repetunt;
971 1061 1251 1137 Smyrnaei
1292 1057 1428 1117 vero
1469 1078 1636 1115 suum
1665 1078 1792 1117 esse
1819 1058 2160 1117 confirmant
2189 1059 2409 1136 (itaque

346 1142 412 1194 10
440 1142 615 1199 etiam
656 1142 957 1199 delubrum
996 1140 1120 1215 ejus
1160 1139 1220 1199 in
1259 1139 1466 1215 oppido
1500 1137 1974 1214 dedicaverunt);
2014 1138 2282 1214 permulti
2311 1139 2408 1196 alii

439 1231 716 1296 praeterea
738 1229 997 1297 pugnant
1025 1218 1171 1275 inter
1199 1238 1281 1289 se,
1311 1229 1481 1292 atque
1509 1217 1879 1274 contendunt.

520 1297 631 1355 IX.
696 1298 851 1374 Ergo
877 1298 959 1354 illi
990 1297 1260 1367 alienum,
1289 1296 1426 1371 quia
1451 1299 1624 1370 poeta
1649 1296 1775 1365 fuit,
1801 1305 1928 1371 post
1951 1306 2192 1353 mortem
2233 1295 2408 1353 etiam

440 1385 745 1451 expetunt3
788 1395 891 1433 nos
920 1377 1075 1432 hunc
1102 1375 1310 1445 vivum,
1338 1373 1438 1450 qui
1478 1384 1537 1431 et
1572 1374 1858 1431 voluntate
1885 1383 1943 1431 et
1967 1373 2194 1451 legibus
2219 1385 2406 1432 noster

440 1464 547 1524 est,
575 1453 1045 1529 repudiabimus?
1092 1454 1406 1529 praesertim
1434 1450 1572 1510 cum
1597 1472 1767 1511 omne
1793 1452 1930 1511 olim
1958 1453 2210 1510 studium
2239 1464 2406 1528 atque
2469 1518 2481 1525 ,

351 1540 411 1593 15
438 1550 609 1590 omne
636 1532 933 1609 ingenium
960 1531 1266 1591 contulerit
1292 1532 1544 1589 Archias
1573 1534 1645 1589 ad
1669 1532 1860 1607 populi
1888 1532 2142 1589 Romani
2169 1532 2408 1608 gloriam

439 1611 783 1687 laudemque
824 1611 1245 1670 celebrandam.
1328 1610 1389 1667 N
1393 1628 1485 1667 am
1512 1620 1570 1668 et
1601 1610 1928 1668 Cimbricas
1954 1630 2047 1669 res
2075 1611 2408 1667 adolescens

442 1690 665 1767 attigit;
706 1701 765 1749 et
792 1690 899 1767 ipsi
928 1690 1009 1748 illi
1038 1690 1107 1749 C.
1139 1688 1346 1761 Mario,
1376 1690 1474 1765 qui
1515 1689 1708 1747 durior
1749 1690 1821 1747 ad
1863 1690 1988 1747 haec
2027 1690 2221 1747 studia
2256 1690 2408 1746 vide-

440 1770 627 1841 batur,
650 1770 942 1846 jucundus
969 1770 1093 1827 fuit.
1175 1768 1384 1844 Neque
1411 1769 1567 1825 enim
1591 1768 1892 1844 quisquam
1919 1778 2007 1825 est
2033 1778 2151 1825 tam
2180 1788 2408 1826 aversus

442 1867 477 1905 a
503 1847 709 1920 Musis,
738 1849 836 1924 qui
862 1868 977 1907 non
1004 1848 1267 1905 mandari
1294 1848 1552 1905 versibus
1578 1858 1853 1905 aeternum
1893 1865 2124 1904 suorum
2151 1847 2406 1905 laborum

338 1932 412 1987 20
441 1926 611 1985 facile
658 1928 1007 2003 praeconium
1047 1926 1312 2003 patiatur.
1395 1925 1850 1983 Themistoclem
1899 1925 2080 1997 illum,
2121 1944 2406 1984 summum

440 2004 691 2062 Athenis
730 2006 933 2076 virum,
976 2005 1187 2062 dixisse
1230 2005 1410 2075 aiunt,
1440 2002 1574 2062 cum
1615 2024 1688 2063 ex
1726 2023 1798 2063 eo
1834 2014 2202 2080 quaereretur,
2228 2005 2406 2066 Quod

442 2100 727 2154 acroama,
772 2093 871 2141 aut
911 2084 1077 2159 cujus
1116 2102 1335 2154 vocem,
1377 2082 1754 2141 libentissime
1799 2084 2057 2153 audiret3
2107 2090 2144 2117 “
2168 2083 2330 2159 Ejus,
2373 2102 2408 2139 a

438 2181 553 2237 quo
602 2180 707 2219 sua
748 2162 925 2220 virtus
976 2161 1189 2238 optime
1242 2162 1706 2239 praedicaretur.''
1789 2161 1994 2237 Itaque
2034 2162 2131 2220 ille
2185 2162 2406 2219 Marius

440 2240 577 2299 item
618 2240 827 2300 eximie
870 2241 937 2300 L.
979 2241 1228 2300 Plotium
1282 2241 1501 2315 dilexit,
1543 2241 1710 2320 cujus
1768 2241 2002 2320 ingenio
2039 2243 2276 2319 putabat
2315 2262 2404 2314 ea,
2451 2319 2456 2322 Ι
2489 2237 2500 2306 s

340 2329 411 2382 25
437 2340 565 2399 quae
593 2332 867 2398 gesserat,
893 2341 1058 2399 posse
1086 2322 1384 2380 celebrari.

518 2400 981 2459 Mithridaticum
1011 2399 1143 2459 vero
1186 2401 1420 2472 bellum,
1449 2419 1723 2478 magnum
1766 2410 1935 2476 atque
1976 2399 2232 2472 difficile,
2261 2411 2318 2457 et
2347 2400 2403 2457 in

439 2481 619 2537 multa
647 2481 921 2538 varietate
947 2482 1100 2539 terra
1128 2480 1385 2556 marique
1412 2491 1718 2550 versatum,
1740 2489 1920 2538 totum
1951 2481 2023 2536 ab
2051 2480 2160 2537 hoc
2188 2499 2408 2555 expres-

440 2578 567 2616 sum
594 2571 713 2618 est:
757 2561 855 2636 qui
882 2560 1013 2617 libri
1041 2579 1154 2618 non
1182 2558 1352 2617 modo
1377 2559 1442 2616 L.
1466 2558 1795 2630 Lucullum,
1820 2558 2188 2616 fortissimum
2209 2569 2268 2616 et
2295 2558 2407 2615 cla-

441 2638 727 2696 rissimum
744 2639 948 2708 virum,
967 2636 1166 2696 verum
1183 2638 1360 2695 etiam
1377 2637 1569 2714 populi
1592 2637 1846 2695 Romani
1861 2656 2090 2708 nomen,
2105 2636 2404 2694 illustrant.

339 2723 411 2780 30
441 2715 691 2791 Populus
716 2717 871 2774 enim
899 2716 1200 2774 Romanus
1230 2715 1468 2792 aperuit,
1496 2715 1743 2774 Lucullo
1778 2716 2112 2792 imperante,
2142 2715 2406 2786 Pontum,

438 2802 498 2851 et
536 2794 711 2882 regiis
748 2795 1036 2869 quondam
1074 2794 1293 2870 opibus,
1323 2805 1382 2852 et
1410 2794 1531 2870 ipsa
1568 2795 1773 2852 natura
1801 2794 2069 2871 regionis,
2097 2795 2405 2852 vallatum:

438 2871 628 2947 populi
683 2871 934 2930 Romani
974 2872 1278 2943 exercitus,
1320 2874 1522 2931 eodem
1563 2874 1732 2945 duce,
1774 2894 1890 2932 non
1943 2873 2193 2930 maxima
2232 2892 2406 2930 manu

440 2949 887 3008 innumerabiles
946 2950 1354 3009 Armeniorum
1413 2952 1606 3028 copias
1666 2953 1847 3010 fudit:
1907 2953 2099 3028 populi
2155 2951 2407 3010 Romani

437 3028 565 3085 laus
617 3039 722 3099 est,
773 3029 973 3086 urbem
1023 3029 1431 3086 amicissimam
1485 3031 1930 3105 Cyzicenorum,
1979 3031 2232 3106 ejusdem
2276 3051 2408 3088 con-

338 3119 410 3174 35
438 3107 585 3179 silio,
615 3127 688 3165 ex
724 3105 882 3165 omni
924 3107 1139 3183 impetu
1178 3109 1357 3185 regi0,
1389 3129 1460 3167 ac
1498 3110 1671 3168 totius
1710 3109 1846 3168 belli
1885 3130 1984 3168 ore
2026 3128 2096 3166 ac
2124 3110 2405 3179 faucibuS,

438 3197 692 3263 ereptam
734 3206 859 3244 esse
903 3198 1069 3263 atque
1111 3198 1426 3245 servatam:
1470 3199 1661 3246 nostra
1697 3208 1918 3264 semper
1947 3189 2157 3246 feretur
2185 3199 2243 3244 et
2268 3208 2408 3264 prae-

438 3266 745 3338 dicabitur‚
775 3266 841 3324 L.
872 3266 1118 3324 Lucullo
1147 3266 1480 3338 dimicante,
1511 3286 1644 3324 cum
1686 3267 2000 3324 interfectis
2041 3267 2286 3324 ducibus
2315 3267 2410 3324 de-

435 3365 632 3421 pressa
658 3346 907 3404 hostium
935 3346 1153 3417 classiS,
1184 3356 1242 3403 et
1282 3345 1638 3404 incredibilis
1681 3347 1830 3422 apud
1870 3345 2180 3403 Tenedum
2215 3364 2410 3422 pugna

440 3424 538 3482 illa
577 3425 832 3482 navalis:
888 3436 1081 3483 nostra
1120 3435 1253 3482 sunt
1293 3435 1523 3502 tropaea,
1566 3435 1758 3483 nostra
1798 3435 2188 3494 monumenta,
2230 3423 2408 3483 nostri

340 3511 410 3565 40
438 3503 726 3578 triumphi.
806 3504 1031 3575 Quare,
1060 3523 1299 3579 quorum
1342 3504 1590 3581 ingeniis
1631 3506 1756 3562 haee
1796 3504 2074 3574 feruntur,
2106 3505 2178 3560 ab
2219 3503 2288 3560 iis
2315 3522 2410 3578 po-

437 3582 557 3656 puli
586 3582 841 3640 Romani
870 3583 1022 3640 fama
1050 3583 1389 3641 celebratur.
1473 3583 1662 3640 Carus
1691 3583 1798 3641 fuit
1828 3583 2107 3640 Africano
2128 3581 2408 3658 superiori

372 3680 393 3698 ·
438 3670 629 3716 noster
656 3659 884 3718 Ennius
908 3680 920 3718 :
964 3662 1154 3738 itaque
1182 3662 1358 3719 etiam
1385 3661 1446 3719 in
1473 3662 1774 3738 sepulchro
1817 3662 2151 3736 Scipionum
2179 3672 2409 3737 putatur

438 3737 488 3793 is
515 3757 641 3795 esse
670 3739 1011 3796 constitutus
1040 3760 1071 3798 e
1100 3759 1398 3798 marmore.
1481 3741 1564 3797 At
1605 3741 1675 3798 iis
1702 3741 1968 3798 laudibus
1995 3739 2152 3798 certe
2182 3760 2296 3797 non
2327 3760 2412 3797 so-

437 3814 558 3872 lum
588 3814 713 3893 ipsi,
741 3817 840 3892 qui
867 3817 1193 3890 laudantur,
1222 3819 1322 3876 sed
1353 3819 1526 3877 etiam
1555 3819 1744 3896 populi
1789 3803 2044 3878 Romani
2088 3837 2296 3876 nomen
2323 3838 2407 3876 or-
