2698 4492
311 303 392 368 ὦ
841 304 1113 354 ORATIO
1155 303 1294 354 PRO
1337 303 1533 355 LEGE
1578 303 1907 353 MANILIA.

413 447 486 504 ad
527 445 858 522 expilandos
900 447 1086 506 socios
1123 446 1585 524 diripiendasque
1623 444 1966 523 provincias,
2008 463 2151 520 quos
2196 444 2384 502 volue-

411 535 564 595 runt,
592 525 810 602 legatos
847 525 1179 595 eduxerint3
1225 544 1298 582 an
1326 525 1466 601 ipse,
1496 526 1663 601 cujus
1687 526 1817 601 lege
1853 524 2007 581 salus
2036 542 2107 580 ac
2133 523 2384 598 dignitas

411 604 617 680 populo
662 604 930 661 Romano
969 613 1138 679 atque
1175 604 1443 661 omnibus
1482 603 1751 680 gentibus
1790 603 2103 660 constituta
2141 611 2247 671 est,
2289 619 2384 659 ex-

411 701 541 758 pers
567 701 694 739 esse
722 683 893 740 debet
932 682 1126 758 gloriae
1167 683 1290 758 ejus
1330 682 1687 758 imperatoris
1728 691 1897 756 atque
1924 681 2047 757 ejus
2074 680 2382 751 exercitus,

349 774 386 827 5
414 761 512 835 qui
553 760 792 818 consilio
833 761 1010 836 ipsius
1064 774 1234 836 atque
1283 760 1543 837 periculo
1582 770 1669 818 est
1709 759 2089 818 constitutus?
2170 758 2269 814 An
2310 758 2380 815 C.

416 837 732 910 Falcidius,
759 838 839 900 Q.
872 838 1163 910 MetelluS,
1188 838 1268 900 Q.
1299 839 1521 896 Coelius
1560 837 1931 908 LatiniensiS,
1961 837 2071 894 Cn.
2100 835 2384 894 Lentulus

419 916 586 992 (quos
639 937 838 976 omnes
893 918 1120 974 honoris
1174 917 1353 974 causa
1406 917 1689 996 nomino),
1732 913 1867 973 cum
1925 915 2143 972 tribuni
2200 915 2384 990 plebis

416 994 674 1067 fuissent,
717 1015 869 1054 anno
905 996 1160 1072 proximo
1210 995 1389 1072 legati
1440 1013 1566 1054 esse
1616 1003 1956 1071 potuerunt3
2015 994 2075 1051 in
2115 994 2226 1050 hoc
2267 1012 2384 1050 uno

414 1073 666 1132 Gabinio
703 1084 836 1132 sunt
875 1084 992 1132 tam
1045 1075 1372 1150 diligenteS,
1411 1074 1509 1149 qui
1564 1074 1624 1130 in
1679 1074 1788 1130 hoc
1842 1073 2011 1142 bello,
2052 1073 2204 1146 quod
2250 1071 2381 1147 lege

317 1165 392 1215 ιο
414 1152 666 1210 Gabinia
692 1154 928 1229 geritur,
959 1154 1018 1210 in
1060 1154 1170 1210 hoc
1211 1153 1548 1228 imperatore
1586 1161 1753 1226 atque
1782 1151 2057 1220 exercitu,
2086 1167 2256 1225 quem
2281 1168 2384 1224 per

419 1228 570 1308 [vos]
619 1232 739 1307 ipse
783 1231 1096 1300 constituit,
1125 1231 1300 1286 etiam
1340 1229 1629 1306 praecipuo
1666 1227 1793 1305 jure
1830 1247 1956 1286 esse
1988 1228 2266 1285 deberet?
2308 1228 2383 1284 de

413 1327 526 1382 quo
564 1309 828 1384 legando,
871 1327 1032 1384 spero
1073 1308 1336 1365 consules
1378 1308 1451 1365 ad
1490 1318 1753 1365 senatum
1793 1307 2084 1364 relaturos·
2164 1305 2291 1366 Qui
2332 1305 2384 1361 si

415 1385 779 1456 dubitabunt,
822 1395 920 1442 aut
973 1385 1396 1461 gravabuntur3
1454 1405 1564 1461 ego
1602 1405 1695 1444 me
1732 1386 1996 1462 profiteor
2035 1385 2347 1442 relaturum
2364 1401 2380 1452 ;

415 1481 602 1537 neque
641 1482 734 1520 me
775 1464 1046 1538 impediet
1081 1463 1437 1538 cujusquam,
1463 1463 1749 1534 Quirites,
1778 1463 2078 1521 inimicum
2106 1463 2381 1530 edictum,

318 1547 386 1600 15
415 1539 738 1615 quominus,
788 1541 966 1599 fretus
1011 1542 1189 1611 vobiS,
1240 1551 1489 1599 vestrum
1536 1542 1630 1618 jus
1678 1542 2136 1616 beneficiumque
2189 1540 2383 1598 defen-

416 1620 583 1677 dam:
631 1639 838 1695 neque,
877 1630 1080 1696 praeter
1121 1620 1609 1690 intercessionem,
1651 1619 1962 1695 quidquam
2004 1619 2266 1686 audiasn3
2309 1617 2383 1674 de

413 1697 528 1773 qua
558 1697 651 1775 (ut
693 1699 960 1776 arbitror)
989 1699 1084 1760 isti
1125 1698 1251 1775 ipsi,
1279 1699 1379 1774 qui
1418 1699 1729 1768 minantur,
1758 1698 1931 1755 etiam
1978 1707 2145 1771 atque
2186 1697 2380 1767 etiam,

413 1777 551 1852 quid
578 1777 770 1848 liceat,
801 1778 1258 1836 considerabunt.
1341 1777 1482 1835 Mea
1507 1777 1740 1853 quidem
1768 1775 2071 1846 sententia,
2096 1775 2380 1844 Quirites,

417 1874 566 1912 unus
592 1856 664 1913 A.
694 1856 998 1928 Gabinius,
1027 1856 1162 1914 belli
1203 1856 1476 1913 maritimi
1516 1874 1819 1930 rerumque
1846 1863 2136 1930 gestarum
2165 1862 2379 1922 auctor,

315 1937 388 1992 20
417 1952 610 1991 comes
649 1934 758 1990 Cn.
789 1934 1060 2010 Pompeio
1088 1933 1465 1991 adscribitur:
1504 1944 1803 2010 propterea
1828 1930 1983 2008 quod
2011 1932 2153 1989 alter
2181 1931 2282 1988 uni
2322 1931 2381 1987 id

416 2011 629 2069 bellum
669 2011 1098 2087 suscipiendum
1139 2011 1340 2069 vestris
1368 2011 1654 2088 suffragiis
1680 2011 1916 2082 detulit3
1962 2009 2103 2068 alter
2130 2010 2381 2067 delatum

415 2099 855 2165 susceptum-que
883 2089 1149 2147 confecit.
1880 2098 1884 2102 “
2064 2137 2069 2141 .

493 2167 634 2225 XX.
692 2168 1010 2243 Reliquum
1055 2177 1162 2239 est,
1203 2176 1268 2226 ut
1305 2168 1381 2225 de
1420 2167 1501 2230 Q.
1545 2168 1741 2226 Catuli
1780 2167 2117 2226 auctoritate
2159 2175 2217 2224 et
2258 2186 2379 2224 sen·

413 2245 596 2304 tentia
624 2246 935 2305 dicendum
963 2267 1088 2306 esse
1116 2248 1391 2305 videatur.
1472 2246 1600 2309 Qui
1628 2243 1763 2305 cum
1790 2266 1860 2304 ex
1886 2246 2046 2305 vobis
2084 2255 2375 2321 quaereret,

317 2333 387 2385 25
415 2326 464 2383 si
504 2326 564 2384 in
610 2346 727 2384 uno
765 2326 876 2384 Cn.
915 2327 1186 2403 Pompeio
1221 2326 1419 2385 omnia
1454 2326 1760 2403 poneretis,
1792 2326 1843 2381 si
1884 2325 2022 2401 quid
2062 2344 2132 2383 eo
2166 2325 2377 2382 factum

415 2414 584 2476 esset,
612 2405 674 2462 in
718 2424 831 2481 quo
865 2425 1022 2481 spem
1069 2406 1270 2463 essetis
1315 2405 1601 2475 habituri;
1644 2404 1798 2480 cepit
1828 2422 2101 2479 magnum
2129 2422 2245 2460 suae
2274 2402 2378 2459 vir·

413 2484 553 2540 tutis
594 2484 864 2556 fructum,
899 2502 969 2542 ac
1008 2484 1322 2560 dignitatis,
1354 2481 1490 2542 cum
1524 2501 1742 2552 omneS,
1769 2480 1941 2558 prope
1980 2482 2097 2538 unii
2133 2500 2291 2550 voce,
2322 2480 2377 2537 in

415 2580 486 2619 eo
527 2562 648 2639 ipso
689 2582 786 2619 vos
829 2581 986 2638 spem
1030 2563 1322 2619 habituros
1368 2582 1493 2619 esse
1540 2561 1778 2618 dixistis.
1864 2560 2095 2617 Etenim
2130 2558 2261 2615 talis
2296 2567 2376 2615 est

416 2639 520 2708 vir,
550 2650 614 2697 ut
654 2640 815 2698 nulla
857 2658 949 2698 res
986 2649 1148 2696 tanta
1184 2640 1258 2696 sit
1303 2659 1373 2696 ac
1407 2649 1527 2696 tam
1564 2638 1833 2707 difficilis,
1862 2656 2029 2712 quam
2061 2638 2158 2694 ille
2184 2656 2297 2694 non
2324 2645 2375 2693 et

315 2727 388 2780 30
418 2718 656 2775 consilio
695 2737 914 2793 regere,
943 2726 1002 2775 et
1042 2717 1370 2793 integritate
1410 2717 1579 2787 tueri,
1608 2727 1667 2774 et
1693 2716 1901 2773 virtute
1929 2714 2232 2785 conficere,
2260 2734 2361 2790 pos

417 2795 506 2851 sit.
583 2796 706 2851 'Sed
738 2795 810 2857 ‚in
853 2796 964 2852 hoc
1006 2795 1127 2871 ipso
1161 2795 1234 2851 ab
1259 2814 1328 2851 eo
1354 2792 1853 2852 vehementissime
1884 2792 2361 2869 dissentio,⁴quod

415 2891 528 2947 quo
567 2869 758 2929 minus
799 2882 958 2929 certa
1003 2883 1090 2929 est
1129 2872 1427 2929 hominum
1472 2892 1541 2929 ac
1582 2870 1776 2930 minus
1812 2872 2083 2929 diuturna
2108 2872 2243 2941 vita,
2272 2872 2377 2929 hoc

417 2950 601 3025 magis
636 2950 977 3025 respublica,
1007 2951 1145 3007 dum
1171 2970 1270 3026 per
1306 2950 1477 3008 Deos.
1499 2951 1847 3008 immortales
1882 2950 2039 3021 licet,
2069 2950 2181 3007 frui
2212 2951 2376 3006 debet

417 3028 625 3084 summi
653 3028 898 3085 hominis
927 3030 1042 3085 vita
1073 3040 1240 3104 atque
1268 3029 1492 3087 virtute.
2406 3094 2413 3103 ,

317 3118 388 3172 35
497 3107 578 3163 At
607 3105 760 3163 enim
787 3107 928 3164 nihil
959 3107 1088 3165 novi
1130 3107 1229 3163 fiat
1269 3117 1470 3165 contra
1496 3108 1755 3183 exempla
1784 3117 1951 3181 atque
1980 3106 2241 3164 instituta
2267 3124 2363 3163 ma

411 3186 615 3261 jorum.
697 3184 835 3243 Non
871 3186 1004 3244 dico
1047 3186 1156 3243 hoc
1191 3186 1338 3255 loco,
1368 3186 1610 3261 majores
1634 3196 1855 3243 nostros
1882 3204 2123 3260 semper,
2154 3185 2213 3242 in
2239 3203 2383 3260 paco

418 3264 838 3335 consuetudini,
883 3264 943 3322 in
986 3264 1137 3321 bello
1178 3263 1432 3333 utilitati,
1474 3263 1765 3340 paruisse3
1808 3282 2049 3338 semper,
2096 3264 2167 3319 ad
2210 3281 2385 3320 novos

417 3362 586 3400 casus
638 3353 974 3419 temporum,
1022 3361 1294 3400 novorum
1349 3342 1717 3400 consiliorum
1769 3342 2019 3399 rationes
2068 3359 2379 3397 accommo-

416 3421 621 3479 dasse:
663 3442 777 3479 non
821 3422 1032 3492 dicam,
1061 3422 1176 3478 duo
1219 3420 1371 3478 bella
1412 3420 1681 3490 maxima,
1709 3419 1997 3476 Punicum
2024 3427 2083 3476 et
2115 3419 2387 3494 Hispani-

319 3508 388 3561 40
417 3518 573 3569 ense,
619 3501 690 3557 ab
732 3519 848 3557 uno
894 3501 1230 3576 imperatore
1271 3519 1399 3557 esse
1442 3499 1707 3557 confecta
1723 3517 1737 3567 ;
1793 3498 1937 3555 duas
1979 3498 2152 3553 urbes
2192 3509 2387 3572 poten-

417 3576 684 3645 tissimas,
705 3597 831 3651 quae
853 3578 990 3636 huic
1019 3578 1254 3653 imperio
1280 3576 1531 3635 maxime
1560 3576 1945 3646 minabantur,
1968 3575 2385 3651 Carthaginem

421 3664 588 3728 atque
641 3654 1040 3725 Numantiam,
1085 3656 1158 3712 ab
1210 3656 1414 3713 eodem
1470 3655 1741 3732 Scipione
1786 3673 1914 3711 esse
1960 3654 2213 3711 deletas:
2269 3674 2385 3711 non

418 3733 892 3803 commemorabo,
915 3752 1094 3808 nuper
1121 3733 1203 3789 ita
1223 3733 1383 3790 vobis
1407 3733 1777 3809 patribusque
1802 3732 2004 3789 vestris
2030 3751 2157 3789 esse
2178 3731 2384 3801 visum,
2487 3740 2497 3749 '

419 3820 482 3869 ut
524 3810 584 3867 in
627 3830 743 3868 uno
794 3810 863 3869 C.
910 3809 1100 3868 Mario
1140 3829 1268 3887 spes
1309 3810 1532 3887 imperii
1574 3820 1902 3887 poneretur,
1944 3820 2009 3868 ut
2050 3808 2206 3867 idem
2249 3828 2383 3867 cum
