2698 4492
804 253 1078 304 ORATIO
1122 253 1263 303 PRO
1306 253 1592 304 ARCHIA
1639 253 1894 304 POETA.
2351 257 2420 314 91

346 395 395 453 si
424 397 549 455 haec
575 415 699 468 vox,
730 397 897 473 hujus
926 399 1151 457 hortatu
1179 397 1592 475 praeceptisque
1633 399 2008 474 conformata,
2037 397 2328 456 nonnullis

343 474 653 550 aliquando
678 476 847 535 saluti
877 478 1016 547 fuit3
1062 495 1095 532 a
1122 495 1236 551 quo
1262 477 1319 532 id
1351 478 1700 554 accepimuS,
1728 497 1840 553 quo
1881 478 2106 536 caeteris
2144 478 2328 554 opitu-

342 553 450 611 lari
492 565 552 612 et
596 555 737 612 alios
780 574 1007 613 servare
1048 574 1364 632 possemuS,
1406 557 1543 613 huic
1583 556 1842 632 profecto
1887 556 2013 634 ipsi,
2043 566 2323 632 quantum

342 643 431 690 est
458 635 631 691 situm
662 634 723 691 in
749 635 935 705 nobis,
964 644 1024 691 et
1047 651 1213 709 opem
1242 645 1300 691 et
1326 635 1570 692 salutem
1600 636 1747 693 ferre
1774 636 2068 693 debemus,

423 714 539 783 Ac,
566 732 643 770 ne
678 713 806 788 quis
844 732 878 771 a
916 712 1083 770 nobis
1123 714 1233 769 hoc
1273 713 1356 770 ita
1394 713 1513 770 dici
1555 712 1698 770 sorte
1739 715 1996 785 miretur,
2025 712 2181 789 quod
2210 713 2324 770 alia
2390 717 2427 769 5

343 791 609 864 quaedam
650 791 711 848 in
752 791 863 848 hoc
903 791 1149 848 facultas
1176 791 1251 846 sit
1278 791 1518 867 ingenii,
1548 811 1735 866 neque
1762 793 1887 849 haec
1914 793 2149 850 dicendi
2178 793 2324 851 ratio
2385 819 2390 822 ·

342 878 445 925 aut
483 869 823 945 disciplina3
866 889 941 927 ne
983 888 1089 926 nos
1134 869 1370 943 quidem
1416 869 1554 926 huic
1590 871 1692 926 uni
1727 871 1918 928 studio
1953 872 2182 947 penitus
2221 890 2324 928 un-

340 965 518 1020 quam
558 947 740 1004 dediti
782 947 1010 1004 fuimus.
1096 947 1327 1004 Etenim
1366 966 1568 1005 omnes
1610 958 1778 1020 arteS,
1807 967 1933 1023 quae
1964 950 2036 1005 ad
2064 950 2324 1006 humani·
2409 1009 2414 1014 ,

342 1035 525 1080 tatem
577 1024 884 1100 pertinent,
934 1026 1147 1083 habent
1185 1026 1472 1100 quoddam
1514 1045 1820 1085 commune
1861 1027 2192 1096 vinculum;
2243 1038 2319 1098 et,

344 1103 509 1177 quasi
538 1103 881 1179 cognatione
910 1105 1177 1178 quadam,
1208 1105 1356 1161 inter
1384 1123 1446 1160 se
1475 1105 1857 1162 continentur.
2361 1103 2433 1184 lq
2476 1167 2495 1188 Ι

426 1179 508 1237 II.
580 1182 717 1252 Sed,
766 1201 840 1240 ne
894 1183 991 1240 cui
1044 1183 1294 1239 vestrum
1344 1183 1554 1240 mirum
1599 1203 1726 1241 esse
1772 1184 2053 1255 videatur,
2100 1201 2214 1254 me,
2265 1183 2324 1241 in
2381 1176 2434 1254 ὦ
2457 1165 2510 1248 »⁴2
2543 1171 2588 1224 ζ’
2605 1215 2655 1234 κ

345 1259 659 1333 quaestione
704 1260 982 1337 legitima,
1028 1271 1086 1318 et
1131 1261 1194 1318 in
1235 1261 1459 1336 judicio
1500 1263 1751 1338 publico,
1797 1260 1931 1321 cum
1981 1283 2073 1320 res
2121 1273 2324 1339 agatur

344 1339 494 1412 apud
534 1348 831 1413 praetorem
873 1340 1066 1416 populi
1108 1339 1384 1410 Romani,
1421 1340 1797 1398 lectissimum
1839 1342 2042 1413 virum,
2073 1352 2131 1399 et
2173 1343 2322 1418 apud

341 1416 728 1474 severissimos
749 1418 996 1494 judices,
1024 1427 1185 1476 tanto
1223 1429 1510 1476 conventu
1551 1419 1847 1477 hominum
1878 1437 1948 1478 ac
1977 1420 2318 1498 frequentia,

340 1494 451 1551 hoc
493 1495 576 1552 uti
616 1510 829 1572 genere
865 1495 1120 1568 dicendi,
1148 1499 1297 1574 quod
1325 1517 1440 1555 non
1467 1497 1639 1556 modo
1669 1518 1704 1556 a
1731 1501 2148 1557 consuetudine
2170 1499 2321 1575 judi·
2357 1503 2425 1556 15

340 1573 583 1644 ciorum,
612 1573 812 1632 verum
838 1574 1014 1633 etiam
1058 1595 1093 1633 a
1133 1576 1343 1634 forensi
1371 1595 1656 1648 sermone,
1686 1578 2023 1636 abhorreat:
2064 1597 2258 1654 quaeso
2285 1597 2320 1635 a

248 1679 253 1684 ⁶
340 1652 523 1722 vobiS,
551 1663 635 1723 ut,
672 1652 733 1710 in
774 1655 886 1712 hac
927 1655 1125 1726 causa,
1154 1656 1296 1713 mihi
1336 1657 1486 1713 detis
1525 1657 1679 1714 hanc
1719 1657 1968 1729 veniam,
2000 1656 2320 1715 accommo-

342 1731 539 1787 datam
578 1731 717 1789 huic
768 1752 886 1804 rec,
940 1734 1100 1792 vobis
1150 1733 1660 1810 (quemadmodum
1714 1737 1904 1812 spero)
1949 1754 2065 1792 non
2118 1735 2322 1792 moles-

340 1819 462 1866 tam
477 1829 493 1878 ;
552 1819 617 1865 ut
661 1828 774 1881 me,
814 1831 918 1888 pro
956 1830 1179 1869 summo
1216 1813 1388 1888 poeta
1443 1823 1614 1888 atque
1655 1813 2044 1871 eruditissimo
2087 1809 2319 1871 homine

340 1887 654 1959 dicentem,
688 1889 798 1947 hoc
826 1909 1109 1948 concursu
1139 1891 1436 1949 hominum
1461 1891 1998 1964 literatissimorum,
2038 1893 2150 1950 hac
2198 1911 2317 1949 ves-
2351 1897 2424 1951 20

340 1965 428 2024 tra
472 1967 848 2040 humanitate,
904 1969 1013 2027 hoc
1066 1970 1316 2046 denique
1361 1981 1602 2046 praetore
1653 1982 1960 2030 exercente
2008 1971 2316 2047 judicium,

336 2045 638 2121 patiamini
666 2046 738 2104 de
766 2048 971 2105 studiis
998 2049 1375 2106 humanitatis
1397 2068 1466 2106 ac
1487 2049 1780 2107 literarum
1801 2048 1974 2127 paulo
1996 2050 2151 2124 loqui
2178 2050 2319 2107 libe-

338 2121 494 2194 rius;
537 2133 615 2194 et,
644 2124 702 2182 in
724 2125 1003 2202 ejusmodi
1022 2127 1285 2208 persona,
1306 2147 1457 2203 quae,
1483 2138 1709 2204 propter
1735 2129 1914 2186 otium
1945 2148 2016 2186 ac
2043 2128 2297 2185 studium

338 2201 578 2261 minime
610 2203 669 2262 in
691 2203 928 2281 judiciis
970 2205 1357 2283 periculisque
1396 2215 1644 2264 tractata
1690 2216 1795 2278 est,
1825 2207 1910 2264 uti
1952 2204 2124 2283 prope
2171 2225 2318 2265 novo

340 2283 585 2357 quodam
613 2292 673 2341 et
712 2281 985 2342 inusitato
1011 2304 1224 2361 genere
1252 2285 1506 2342 dicendi.
1587 2285 1767 2346 Quod
1811 2286 1860 2341 si
1893 2285 2034 2342 mihi
2082 2304 2115 2341 a
2158 2284 2318 2341 vobis
2350 2280 2423 2340 2'5

340 2362 512 2419 tribui
561 2360 919 2437 concedique
962 2362 1207 2419 sentiam
1224 2383 1239 2433 3
1280 2362 1576 2438 perficiam
1617 2360 1894 2437 profecto,
1937 2371 2001 2419 ut
2040 2362 2197 2420 hunc
2239 2364 2314 2419 A.

338 2439 655 2511 Licinium,
685 2460 801 2498 non
842 2438 1013 2497 modo
1055 2460 1169 2497 non
1212 2440 1654 2517 segregandum,
1684 2438 1820 2497 cum
1847 2440 1922 2496 sit
1947 2439 2111 2511 civis,
2143 2459 2178 2497 a
2213 2460 2318 2497 nu-

336 2512 497 2577 inero
537 2518 772 2589 civium,
800 2516 1001 2577 verum
1041 2518 1237 2590 etiam,
1278 2520 1329 2577 si
1370 2538 1485 2576 non
1525 2526 1694 2589 esset,
1735 2519 1948 2595 putetis
1989 2513 2318 2576 adsciscen-

340 2597 477 2654 dum
508 2598 701 2655 fuisse.

388 2746 391 2749 ἢ
419 2676 534 2734 ΙΙΙ.
604 2676 780 2749 Nam,
810 2686 875 2735 ut
898 2673 1149 2755 primum
1196 2697 1266 2737 ex
1312 2676 1506 2756 pueris
1549 2675 1797 2735 excessit
1840 2676 2113 2747 ArchiaS,
2145 2689 2316 2751 atque
2347 2682 2422 2736 30

340 2754 413 2831 ab
442 2755 513 2812 iis
542 2756 760 2813 artibus
786 2758 995 2831 quibus
1023 2767 1162 2815 aetas
1186 2757 1424 2836 puerilis
1464 2758 1536 2815 ad
1579 2756 1993 2816 humanitatem
2022 2756 2316 2815 informari

340 2834 502 2905 solet,
532 2854 594 2891 se
635 2835 708 2892 ad
746 2836 1038 2895 scribendi
1079 2838 1332 2895 studium
1375 2837 1651 2906 contulit3
1691 2834 1941 2913 primum
1984 2835 2314 2894 Antiochiae

343 2910 507 2989 (nam
548 2912 629 2971 ibi
682 2924 853 2972 natus
906 2926 1012 2987 est,
1053 2916 1182 2975 loco
1232 2916 1432 2987 nobili,
1475 2915 1691 2974 celebri
1744 2916 2030 2991 quondam
2073 2915 2216 2973 urbe
2257 2923 2317 2971 et

340 2992 589 3068 eopiosa,
628 3002 797 3068 atque
826 2995 1227 3053 eruditissimis
1263 2995 1592 3053 hominibus
1630 2994 2159 3068 liberalissimisque
2199 3004 2315 3049 stu-

339 3070 451 3127 diis
492 3071 774 3152 affluenti)
826 3073 1088 3132 celeriter
1144 3073 1490 3131 antecellere
1535 3073 1804 3131 omnibus
1859 3073 2076 3150 ingenii
2131 3071 2314 3148 gloria
2347 3078 2420 3133 35

340 3150 618 3227 contigit:
658 3149 788 3227 post
815 3151 875 3208 in
903 3153 1128 3210 caeteris
1168 3152 1327 3209 Asiae
1367 3152 1645 3228 partibuS,
1675 3162 2014 3226 cunctaeque
2049 3150 2313 3221 Graeciae,

338 3228 427 3286 sic
466 3228 591 3305 ejus
632 3228 909 3287 adventus
937 3230 1358 3300 celebrabatur,
1386 3241 1451 3287 ut
1479 3230 1692 3287 famam
1721 3229 1938 3305 ingenii
1966 3228 2318 3304 exspectatio

339 3308 606 3378 hominis»,
635 3308 1117 3383 exspectationem
1159 3307 1335 3382 ipsius
1379 3309 1656 3365 adventus
1694 3306 2124 3380 admiratioque,
2154 3324 2318 3380 supe-

299 3406 305 3411 ·
338 3397 507 3444 taret.
591 3386 736 3443 Erat
762 3384 935 3442 Italia
959 3395 1101 3443 tunc
1138 3384 1310 3462 plena
1348 3386 1688 3443 Graecarum
1732 3384 1938 3441 artium
1969 3402 2038 3441 ac
2065 3384 2318 3459 discipli-

338 3482 584 3523 narum:
627 3463 929 3538 studiaque
966 3464 1094 3521 haec
1116 3464 1195 3523 'et
1237 3463 1297 3521 in
1338 3463 1513 3521 Latio
1552 3460 1951 3522 vehementius
1995 3472 2118 3519 tum
2167 3464 2314 3521 cole-
2349 3472 2420 3527 4ο

245 3572 253 3579 ·
340 3544 570 3613 bantur,
598 3539 773 3616 quam
800 3561 958 3600 nunc
998 3542 1202 3601 iisdem
1232 3542 1292 3601 in
1318 3543 1573 3619 oppidis;
1616 3552 1679 3601 et-
1711 3539 1808 3601 hic
1835 3542 2061 3613 Romae,
2087 3553 2316 3619 propter

340 3620 811 3693 tranquillitatem
852 3622 1202 3699 reipublicae,
1232 3642 1345 3681 non
1388 3620 1844 3699 negligebantur.
1927 3621 2132 3698 Itaque
2161 3622 2318 3680 hunc

342 3709 401 3757 et
432 3698 760 3772 Tarentini,
790 3710 847 3759 et
883 3700 1164 3779 Rhegini,
1193 3711 1253 3760 et
1290 3701 1682 3779 Neapolitani,
1712 3701 1943 3761 civitate
1981 3700 2317 3775 caeterisque
2362 3718 2395 3764 *f
