2698 4492
696 284 968 334 ORATIO
1013 282 1153 331 PRO
1196 282 1260 333 T.
1302 281 1534 331 ANNIO
1578 280 1877 371 MILONE.
2246 281 2380 340 ‘113

296 430 431 487 dem
472 447 601 485 esse
642 427 875 499 factam,
904 425 1147 485 consilio
1186 424 1321 483 vero
1364 425 1597 502 majoris
1637 424 1898 500 alicujuS.
1984 422 2278 480 Videlicet

297 527 390 565 me
430 508 711 565 latronem
740 526 811 564 ac
838 506 1113 563 sicarium
1142 505 1354 593 abjecti
1382 506 1642 562 homines
1669 514 1728 561 et
1752 503 1960 580 perditi
1989 501 2276 559 describe-

297 585 453 644 bant.
536 585 573 642 J
578 595 749 643 acent
790 585 909 643 suis
949 583 1191 641 testibus
1239 584 1300 654 ii,
1348 584 1448 658 qui
1491 583 1761 641 Clodium
1805 591 2022 657 negant
2065 600 2136 637 eo
2181 580 2276 637 die

297 665 570 735 Romam,
588 664 704 721 nisi
734 665 806 721 de
835 663 989 739 Cyro
1018 661 1292 733 audisset,
1316 660 1492 719 fuisse
1513 662 1848 719 rediturum.
1934 659 2274 735 Respiravi·
2262 703 2274 715 .

296 743 574 801 liberatus
614 761 776 799 sum:
837 761 953 798 non
994 759 1211 811 vereor,
1252 758 1348 811 ne,
1391 740 1542 816 quod
1588 759 1663 797 ne
1711 740 1992 815 suspicari
2043 739 2276 814 quidem
2345 739 2382 792 5

296 822 600 897 potuerim,
629 820 825 877 videar
854 820 914 876 id
942 818 1242 894 cogitasse.

377 900 558 957 Nunc
596 916 904 973 persequar
946 907 1187 954 caetera:
1229 915 1368 953 nam
1409 895 1662 954 occurrit
1704 896 1878 952 illud:
1920 914 1995 953 ne
2039 895 2280 953 Clodius

298 978 531 1051 quidem
574 977 647 1033 de
688 976 911 1032 insidiis
951 975 1243 1051 cogitavit,
1274 975 1544 1049 quoniam
1573 974 1720 1031 fuit
1707 993 1765 1030 m
1796 974 2027 1041 Albano
2052 992 2281 1029 mansu-

300 1074 418 1125 ruS,
448 1054 731 1130 siquidem
764 1053 1020 1110 exiturus
1062 1053 1134 1110 ad
1175 1054 1396 1111 caedem
1424 1072 1458 1110 e
1485 1052 1621 1109 villa
1648 1072 1762 1109 non
1792 1053 2007 1109 suisset.
2091 1050 2281 1108 Video

298 1133 477 1204 enim,
507 1133 689 1202 illum,
718 1132 816 1207 qui
844 1132 1056 1189 dicitur
1084 1132 1156 1189 de
1185 1132 1325 1207 Cyri
1355 1141 1536 1189 morte
1563 1130 1881 1201 nuntiasse,
1904 1150 2018 1187 non
2047 1130 2108 1186 id
2135 1134 2385 1187 nun-10

298 1212 494 1282 tiasse,
524 1211 626 1268 sed
667 1177 947 1267 Milonem
990 1211 1472 1287 appropinquare:
1515 1228 1651 1267 nam
1677 1210 1814 1285 quid
1843 1176 1916 1267 de
1953 1208 2108 1285 Cyro
2134 1228 2280 1266 nun-

297 1290 485 1360 tiaret,
515 1308 685 1365 quem
728 1289 988 1361 Clodius,
1031 1289 1225 1347 Roma
1264 1288 1655 1365 proficiscens,
1685 1289 1996 1363 reliquerat
2035 1288 2279 1346 morien-

295 1370 457 1426 tem?
541 1368 670 1426 Una
700 1368 816 1425 fui:
858 1377 1263 1425 testamentum
1308 1368 1476 1425 simul
1517 1366 1816 1444 obsignavi
1858 1386 1992 1425 cum
2033 1367 2275 1425 Clodio:

295 1456 702 1519 testamentum
732 1456 925 1504 autem
949 1444 1140 1523 palam
1182 1445 1420 1517 fecerat,
1450 1458 1510 1503 et
1545 1446 1708 1503 illum
1737 1448 2046 1518 haeredem,
2075 1456 2134 1503 et
2162 1465 2276 1518 me,

294 1526 616 1601 scripserat.
698 1524 901 1587 Quem
942 1525 1124 1601 pridie
1165 1526 1307 1583 hora
1346 1526 1519 1583 tertia
1548 1525 1801 1583 animam
1829 1526 2120 1583 efflantem
2148 1525 2278 1584 reli·
2314 1528 2384 1583 15

294 1605 551 1680 quisset„
572 1623 708 1662 eum
768 1614 1056 1663 mortuum
1100 1605 1374 1681 postridie
1431 1603 1572 1663 hora
1629 1604 1859 1661 decima
1915 1603 2166 1679 denique
2223 1604 2280 1662 ei

296 1683 670 1740 nuntiabatur
692 1685 715 1740 ‘l

375 1760 551 1818 XIX.
620 1762 773 1838 Age,
803 1761 877 1819 sit
918 1760 999 1819 ita
1038 1760 1294 1821 factum:
1336 1780 1464 1838 quae
1505 1780 1703 1833 causa,
1733 1780 1839 1819 cur
1876 1761 2128 1819 Romam
2153 1781 2280 1838 pro-

293 1841 563 1915 peraret?
604 1860 709 1898 cur
751 1840 811 1898 in
851 1850 1082 1899 noctem
1124 1860 1186 1898 se
1227 1841 1584 1916 conjiceret?
1626 1842 1766 1916 quid
1807 1840 2082 1899 afferebat
2114 1838 2280 1917 [cau-

294 1920 446 1998 sam]
499 1918 923 1977 festinationis?
983 1916 1139 1995 quod
1182 1920 1366 1977 haeres‘
1407 1921 1573 1978 erat'l
1633 1918 1914 1990 Primum,
1943 1928 2068 1977 erat
2111 1919 2277 1991 nihil,
2311 1931 2384 1986 20

295 2016 399 2055 cur
424 2009 725 2075 properato
749 2018 891 2076 opus
918 2008 1103 2057 esset:
1146 1998 1378 2072 deinde,
1408 1998 1459 2056 si
1497 1999 1637 2075 quid
1678 2009 1848 2070 esset,
1877 1999 2016 2074 quid
2043 1964 2278 2056 tandeni

294 2087 437 2147 erat,
465 2078 617 2153 quod
656 2078 727 2135 ea
771 2089 943 2136 nocte
978 2077 1252 2154 consequi
1280 2087 1489 2153 posset,
1521 2078 1808 2136 amitteret
1836 2088 2049 2150 autem,
2077 2077 2128 2135 si
2153 2096 2280 2154 pos-

293 2155 463 2213 tridie
504 2176 678 2213 mane
721 2156 975 2215 Romam
1014 2156 1308 2214 venisset?
1377 2159 1592 2232 Atque,
1622 2168 1687 2214 ut
1726 2157 1811 2215 illi
1851 2123 2168 2214 noctuinus
2205 2158 2280 2215 ad

293 2234 511 2293 Urbem
556 2235 835 2293 adventus
862 2235 1130 2293 vitandus
1166 2234 1359 2311 potius
1399 2234 1574 2312 quam
1614 2236 1966 2312 expetendus
2005 2234 2150 2306 suit3
2193 2235 2280 2294 sic

294 2313 525 2384 Miloni,
556 2333 692 2370 cum
720 2314 1019 2371 insidiator
1049 2324 1220 2385 esset,
1250 2314 1298 2370 si
1328 2314 1488 2371 illum
1521 2315 1594 2370 ad
1633 2315 1851 2372 Urbem
1879 2323 2054 2370 noctu
2085 2332 2279 2377 acces-,-
2311 2321 2384 2374 25

294 2409 493 2450 surum
522 2391 763 2463 sciebat,
794 2391 1211 2449 subsidendum
1242 2402 1412 2480 atque
1439 2392 1888 2467 exspectandum
1917 2391 2040 2447 fuit.
2124 2391 2279 2449 Noc-

293 2480 378 2541 tu,
408 2470 689 2528 invidioso
728 2480 787 2527 et
824 2470 996 2546 pleno
1034 2468 1321 2528 latronum
1364 2470 1425 2526 in
1465 2470 1612 2540 loco,
1640 2469 1982 2527 occidisset:
2025 2489 2196 2528 nemo
2223 2471 2278 2528 ei

292 2549 533 2625 neganti
560 2568 676 2606 non
706 2548 1065 2619 credidisset,
1094 2566 1266 2625 quem
1296 2568 1423 2606 esse
1449 2567 1651 2606 omnes
1679 2548 1918 2619 salvum,
1941 2550 2118 2606 etiam
2145 2568 2279 2607 con-

292 2628 571 2700 fitentem,
600 2628 814 2686 volunt.
901 2627 1283 2685 Sustinuisset
1324 2627 1436 2686 hoc
1479 2627 1700 2686 crimen
1739 2625 1990 2703 primum
2032 2628 2153 2704 ipse
2181 2628 2279 2687 ille

291 2707 580 2765 latronum
622 2707 941 2765 occultator
984 2715 1043 2764 et
1089 2717 1409 2783 receptator
1452 2707 1634 2778 locuS,
1683 2707 1823 2764 dum
1877 2727 2064 2782 neque
2119 2717 2280 2766 muta
2311 2721 2384 2776 30

292 2787 539 2844 solitudo
581 2786 917 2856 indicasset,
958 2804 1145 2861 neque
1194 2805 1356 2844 caeca
1407 2806 1521 2844 nox
1573 2785 1915 2845 ostendisset
1962 2785 2276 2845 Milonem:

293 2866 503 2924 deinde
544 2865 625 2923 ibi
668 2865 832 2923 multi
877 2865 949 2923 ab
990 2865 1089 2922 illo
1129 2865 1341 2936 violati,
1373 2866 1618 2942 spoliati,
1649 2864 1814 2924 bonis
1841 2865 2081 2942 expulsi,
2113 2867 2277 2924 multi

294 2945 469 3002 etiam
510 2946 637 3003 haec
677 2944 967 3014 timenteS,
997 2943 1057 3001 in
1086 2944 1471 3020 suspicionem
1514 2945 1824 3014 caderent,
1811 2964 1824 2977 ·
1867 2955 1987 3003 tota
2027 2946 2277 3021 denique

292 3043 394 3080 rea
433 3023 707 3081 citaretur
749 3023 999 3080 Etruria.
1084 3025 1277 3099 Atque
1319 3024 1418 3082 illo
1455 3023 1550 3082 die
1579 3022 1759 3094 certe,
1790 3023 1996 3082 Aricia
2025 3025 2273 3096 redienS,

294 3102 523 3159 divertit
551 3102 790 3160 Clodius
822 3100 924 3179 [ad
952 3121 1014 3158 se
1019 3103 1063 3182 ,]
1099 3102 1171 3159 ad
1200 3103 1515 3160 Albanum.
1596 3100 1801 3174 Quod,
1830 3113 1895 3160 ut
1921 3103 2096 3162 sciret
2132 3102 2278 3160 Milo
2309 3109 2382 3164 35

295 3180 457 3236 illum
498 3181 713 3238 Ariciae
755 3182 950 3253 fuisse,
992 3181 1273 3257 suspicari
1312 3191 1509 3239 tamen
1549 3182 1770 3252 debuit,
1813 3201 1967 3253 eum,
2010 3182 2186 3239 etiam
2227 3182 2276 3238 si

294 3257 547 3316 Romam
575 3259 671 3316 illo
698 3260 793 3317 die
819 3259 1027 3318 reverti
1056 3260 1245 3331 vellet,
1277 3261 1347 3318 ad
1378 3260 1568 3317 villam
1605 3279 1789 3331 suam,
1819 3278 1945 3335 quae
1973 3260 2126 3317 viam
2153 3269 2278 3317 tan-

294 3346 474 3413 geret,
505 3337 877 3396 diversurum.
962 3338 1085 3396 Cur
1125 3358 1312 3414 neque
1357 3337 1491 3396 ante
1519 3338 1794 3410 occurrit,
1823 3357 1898 3396 ne
1927 3338 2067 3396 ille
2053 3358 2112 3395 in
2141 3338 2276 3395 villa

293 3416 605 3486 resideret3
648 3437 761 3475 nec
796 3437 867 3476 eo
909 3417 971 3475 in
1016 3418 1145 3476 loco
1187 3418 1464 3490 subsedit,
1493 3436 1608 3492 quo
1647 3417 1744 3475 ille
1787 3427 1962 3474 noctu
2004 3425 2278 3476 venturus

293 3505 443 3552 esset
465 3496 489 3552 ’ἱ
1039 3517 1050 3528 “
2309 3513 2382 3567 40

371 3573 561 3631 Video
603 3573 795 3632 adhuc
836 3583 1099 3633 constare
1138 3575 1354 3646 omnia,
1377 3575 1641 3651 judices:
1687 3573 1894 3632 Miloni
1927 3575 2104 3633 etiam
2134 3577 2276 3636 utile

293 3652 469 3709 fuisse
498 3653 768 3710 Clodium
796 3653 987 3710 vivere
1004 3674 1019 3723 3
1062 3654 1167 3725 illi,
1200 3654 1272 3710 ad
1312 3672 1384 3712 ea
1423 3673 1550 3730 quae
1579 3655 1970 3730 concupierat,
1997 3655 2278 3730 optatissi-

293 3749 449 3788 mum
480 3731 773 3791 interitum
816 3730 1087 3790 Milonis:
1130 3732 1327 3790 odium
1365 3733 1542 3791 fuisse
1571 3732 1726 3790 illius
1752 3733 1814 3790 in
1841 3734 2000 3792 hunc
2029 3735 2278 3792 acerbis-

292 3809 521 3880 simum,
552 3809 611 3866 in
654 3809 1027 3943 ἱΠιιῐῖιοὶέιῄυε
1065 3810 1322 3868 nullum:
1366 3806 1844 3868 consuetudinem
1887 3811 2041 3868 illius
2079 3831 2276 3887 perpe-
