2698 4492
302 345 385 406 88
833 341 1107 393 ORATIO
1150 342 1290 393 PRO
1334 343 1534 394 REGE
1581 342 1971 394 DEIOTARO.

398 488 768 546 vehementer
806 485 1087 557 offensos3
1126 487 1325 563 plaudi
1363 487 1467 544 tibi
1495 506 1610 545 non
1639 487 1838 545 solere.
1921 487 2058 546 Non
2087 490 2391 568 mtelligis,

400 567 619 638 Coesar,
642 588 711 626 ex
740 565 976 624 urbanis
1004 565 1409 624 malevolorum
1437 566 1821 624 sermunculis
1849 567 1974 624 haec
2005 568 2076 625 ab
2105 569 2231 627 istis
2258 591 2392 630 esse

402 647 685 704 collecta?
753 645 1076 704 Blesamius
1114 655 1423 720 tyrannum
1463 645 1756 703 Caesarem
1799 647 2121 706 scriberet?
2181 650 2392 708 multo-

401 745 529 783 rum
556 727 713 783 enim
741 724 955 782 civium
983 723 1174 800 capita
1201 724 1458 793 viderat;
1502 724 1714 782 multos
1747 724 1912 800 jussu
1942 726 2192 784 Caesaris
2220 746 2390 785 vexa-

336 813 371 866 5
402 815 507 876 tos,
550 806 895 874 verberam,
936 814 1203 872 necatos;
1246 803 1458 860 multas
1500 802 1744 860 afflictas
1783 813 1842 860 et
1881 822 2110 862 eversus
2150 807 2384 878 domos3

402 883 637 942 armatis
664 883 942 941 militibus
970 882 1241 939 refertum
1271 882 1473 939 forum.
1554 881 1710 942 Quae
1742 901 1967 958 semper
1995 882 2056 940 in
2083 884 2242 942 civili
2269 885 2388 944 vic-

400 963 545 1022 toria
574 963 878 1033 sensimus,
906 980 997 1032 ea,
1026 972 1083 1018 te
1111 960 1347 1032 victore,
1379 981 1494 1019 non
1521 960 1785 1018 vidimus.

480 1044 669 1115 SoluS,
700 1042 955 1117 inquam,
996 1060 1079 1112 es,
1115 1040 1226 1097 Cai
1267 1040 1486 1111 Coesar,
1515 1039 1682 1115 cujus
1723 1040 1782 1098 in
1823 1039 2064 1098 victoria
2104 1042 2386 1100 ceciderit

402 1141 590 1194 nemo,
618 1122 731 1180 nisi
774 1134 1043 1180 armatus.
1126 1119 1223 1190 Et,
1250 1137 1423 1195 quem
1463 1137 1568 1176 nos
1607 1118 1795 1192 liberi,
1825 1120 1886 1178 in
1927 1120 2151 1177 summai
2189 1123 2383 1198 populi

304 1207 372 1260 10
410 1201 657 1260 Romani
696 1201 962 1258 libertate
1001 1199 1143 1268 nati,
1172 1218 1287 1256 nou
1328 1195 1500 1258 modo
1541 1217 1656 1254 non
1697 1208 2027 1274 tyrannum,
2065 1201 2166 1256 sed
2207 1202 2382 1257 etiam

400 1280 913 1338 c.ementissimum
956 1278 1015 1336 in
1057 1277 1317 1348 victoria,
1346 1277 1646 1346 ducimus;
1690 1277 1740 1334 is
1775 1277 2086 1349 Blesamio,
2117 1279 2214 1352 qui
2243 1273 2380 1337 vivit

400 1359 461 1415 in
490 1377 687 1433 regno,
716 1371 995 1432 tyrannus
1022 1355 1201 1412 videri
1242 1357 1466 1432 potest?
1536 1355 1691 1412 Nam
1731 1357 1805 1413 de
1845 1357 2037 1414 status„
2077 1357 2206 1431 quis
2247 1378 2382 1433 que-

400 1437 563 1506 ritur,
594 1437 711 1494 uni
750 1435 1085 1512 praesertim,
1116 1431 1249 1491 cum
1294 1444 1415 1491 tam
1451 1435 1661 1492 multas
1703 1435 1938 1493 videat?
2005 1435 2196 1493 Valde
2225 1437 2380 1494 enim

318 1515 775 1573 *invidendum
828 1524 917 1572 est
969 1513 1094 1591 ejus
1146 1513 1371 1584 statuis,
1413 1514 1580 1589 cujus
1619 1513 1844 1590 tropaeis
1884 1535 1998 1573 non
2041 1514 2377 1574 invidemus·

302 1597 371 1649 15
400 1593 578 1664 Nam,
620 1595 668 1674 si
710 1595 873 1652 locus
914 1593 1080 1651 affert
1120 1592 1418 1663 invidiam,
1447 1593 1640 1649 nullus
1679 1593 1842 1651 locus
1881 1606 1987 1665 est,
2031 1594 2104 1651 ad
2131 1605 2380 1652 statuam

400 1674 655 1749 quidem,
677 1673 909 1732 Rostris
934 1672 1159 1731 clarior.
1228 1671 1320 1729 De
1346 1671 1552 1747 plausu
1582 1681 1774 1729 autem
1801 1672 1939 1748 quid
1967 1674 2378 1748 respondeam?

399 1755 499 1830 qui
538 1774 651 1812 nec
692 1754 1053 1812 desideratus
1082 1769 1335 1828 unquam
1367 1769 1400 1807 a
1427 1761 1485 1808 te
1513 1761 1619 1821 est,
1649 1761 1706 1807 et
1733 1770 2166 1826 nonnunquam,
2193 1753 2382 1810 obstu-

399 1834 643 1909 pefactis
671 1833 1017 1903 hominibus,
1048 1831 1170 1907 ipsa
1212 1829 1591 1887 admiratione
1631 1848 1990 1905 compressus
2027 1841 2148 1900 est3
2191 1842 2249 1888 et
2277 1831 2382 1890 for-

317 1907 375 1968 ⁴-
398 1923 552 1970 tasse
590 1911 663 1970 eo
704 1912 1137 1989 praetermissus,
1178 1910 1317 1986 quia
1355 1909 1501 1966 nihil
1548 1908 1784 1985 vulgare
1822 1918 1881 1967 te
1921 1909 2161 1986 dignum
2201 1911 2378 1968 videri

298 1999 371 2052 20
470 2001 597 2048 test.

398 2011 659 2125 poXIII.
726 2067 893 2125 Nihil
938 2086 972 2125 a
1011 2085 1105 2124 me
1146 2067 1388 2124 arbitror
1425 2066 1890 2143 praetermissum,
1917 2067 2020 2124 sed
2063 2066 2276 2143 aliquid
2307 2068 2376 2126 ad

398 2157 715 2204 extremam
758 2165 949 2204 causae
988 2155 1212 2221 partem
1253 2157 1624 2203 reservatum.
1707 2145 1776 2203 Id
1810 2156 2002 2203 autem
2031 2145 2248 2221 aliquid
2273 2157 2378 2218 est,

401 2236 460 2286 te
488 2238 553 2285 ut
576 2224 748 2305 plane
779 2225 1055 2285 Deiotaro
1090 2225 1432 2283 reconciliet
1465 2225 1650 2284 oratio
1675 2243 1822 2285 mea.
1905 2223 2042 2284 Non
2070 2225 2226 2283 enim
2262 2225 2379 2303 jam

400 2318 614 2378 metuo,
644 2326 719 2365 ne
758 2316 821 2364 tu
864 2305 948 2363 illi
988 2322 1370 2363 succenseas:
1414 2304 1556 2362 illud
1583 2324 1802 2376 vereor,
1829 2324 1904 2363 ne
1930 2304 2038 2362 tibi
2065 2305 2227 2363 illum
2255 2325 2380 2363 suc-

224 2392 369 2481 Jgffi
400 2408 641 2447 censere
664 2386 881 2463 aliquid
909 2384 1234 2462 suspicere:
1274 2384 1429 2459 quod
1459 2384 1620 2441 abest
1645 2382 2000 2461 longissime,
2017 2384 2158 2441 mihi
2187 2385 2378 2454 crede,

400 2468 617 2526 Caesar.
698 2465 867 2528 Quid
922 2466 1079 2524 enim
1135 2462 1385 2521 retineat
1435 2482 1540 2539 per
1595 2473 1674 2533 te,
1731 2462 2014 2533 meminit,
2070 2482 2186 2521 non
2242 2462 2379 2538 quid

400 2548 694 2605 amiserit:
736 2564 923 2621 neque
964 2564 1027 2602 se
1070 2563 1105 2601 a
1143 2553 1202 2600 te
1242 2542 1546 2599 multatum
1589 2540 1931 2611 arbitratur;
1971 2541 2096 2612 sed,
2125 2538 2261 2599 cum
2289 2560 2381 2599 ex·

398 2626 699 2695 istimaret,
741 2625 937 2682 multis
980 2623 1086 2681 tibi
1134 2622 1317 2679 multa
1355 2640 1484 2678 esse
1523 2620 1849 2692 tribuenda,
1879 2619 2183 2694 quominus
2225 2639 2260 2677 a
2297 2638 2377 2690 se,

399 2704 498 2778 qui
540 2704 599 2761 in
644 2704 822 2760 altera
861 2712 1023 2780 parte
1066 2702 1284 2771 fuisset,
1313 2720 1386 2758 ea
1415 2719 1688 2770 sumereS,
1717 2717 1834 2757 non
1862 2698 2164 2756 recusavit.
2247 2699 2381 2756 Ete-

294 2792 367 2847 30
398 2783 539 2852 nim,
570 2782 619 2839 si
662 2782 991 2839 Antiochus
1031 2778 1286 2855 Magnus
1313 2779 1430 2849 ille,
1459 2798 1559 2837 rex
1587 2778 1766 2849 Asiae,
1795 2776 1955 2849 cum,
1982 2787 2179 2854 postea
2206 2775 2378 2852 quam

400 2881 434 2919 a
476 2861 750 2937 Scipione
791 2858 1071 2928 devictus,
1102 2858 1303 2915 Tauro
1340 2869 1512 2915 tenus
1551 2876 1797 2934 regnare
1831 2856 2026 2933 jussus
2065 2867 2236 2927 esset,
2263 2875 2380 2914 om·

396 2958 646 3013 nemque
675 2939 826 2995 hanc
854 2937 1079 3007 Asiam,
1110 2955 1237 3010 quae
1278 2947 1367 2995 est
1406 2956 1566 2995 nunc
1601 2946 1796 2995 nostra
1821 2936 2135 3011 provincia,
2165 2928 2379 2992 a‘misis-

398 3030 504 3089 set,
535 3018 731 3075 dicere
774 3026 861 3075 est
904 3016 1122 3087 solituS,
1152 3014 1417 3092 Benigne
1463 3016 1573 3073 sibi
1619 3034 1653 3073 a
1694 3014 1902 3091 populo
1943 3014 2216 3073 Romano
2255 3032 2378 3071 esse

398 3099 635 3167 sactum,
672 3094 847 3171 quod,
877 3094 1051 3153 nimis
1094 3095 1307 3172 magnii
1347 3094 1750 3170 procuratione
1793 3094 2090 3163 liberatus,
2137 3092 2379 3151 modicis

288 3186 363 3241 35
397 3178 561 3255 regni
602 3176 865 3235 terminis
904 3184 1192 3243 uteretur;
1249 3183 1436 3249 potest
1476 3171 1656 3230 multo
1700 3171 1931 3230 facilius
1971 3192 2032 3230 se
2073 3172 2381 3229 Deiotarus

396 3256 696 3317 consolari.
781 3254 889 3313 Ille
918 3254 1075 3312 enim
1104 3253 1309 3311 furoris
1352 3252 1588 3309 multam
1632 3251 2000 3322 sustinuerat,
2031 3250 2128 3309 hic
2155 3250 2376 3309 erroris.

392 3338 614 3396 Omnia
654 3347 719 3395 tu
761 3335 1055 3404 Deiotaro,
1085 3332 1305 3402 Caesar,
1333 3331 1605 3401 tribuisti,
1637 3328 1772 3388 cum
1813 3340 1872 3387 et
1913 3330 2020 3407 ipsi
2056 3329 2260 3387 et-filio
2285 3348 2382 3387 no-

392 3436 528 3475 men
570 3417 795 3493 regium
836 3411 1189 3472 concessisti.
1274 3410 1410 3468 Hoc
1449 3409 1682 3467 nomine
1709 3419 1932 3467 retento
1960 3418 2129 3483 atque
2157 3428 2382 3466 conser-

394 3506 544 3566 vato,
586 3496 809 3553 nullum
866 3491 1217 3551 beneficium
1267 3488 1463 3565 populi
1515 3487 1794 3558 Romani,
1836 3487 2060 3545 nullum
2095 3486 2381 3563 judicium

292 3579 362 3632 40
394 3575 467 3631 de
509 3594 570 3631 se
612 3572 867 3642 senatus,
910 3571 1279 3629 imminutum
1331 3577 1511 3643 putat.
1596 3565 1818 3642 Magno
1859 3566 2052 3624 animo
2092 3576 2150 3624 et
2190 3576 2383 3623 erecto

295 3662 355 3721 Ἃ
392 3662 512 3719 est;
557 3671 668 3708 nec
697 3667 951 3724 unquam
980 3648 1326 3706 succumbet
1354 3644 1627 3716 inimiciS,
1657 3664 1732 3702 ne
1761 3644 2001 3703 sortunae
2030 3645 2283 3719 quidem.

474 3728 666 3787 Multa
705 3748 767 3785 se
810 3728 1119 3785 arbitratur
1160 3737 1218 3784 et
1268 3726 1559 3802 peperisse
1603 3724 1927 3795 antefactis,
1969 3734 2028 3780 et
2069 3724 2284 3781 habere
2323 3722 2383 3780 in

394 3808 588 3867 animo
628 3817 797 3882 atque
840 3804 1066 3876 virtute,
1095 3826 1223 3881 quae
1266 3805 1428 3862 nullo
1467 3804 1636 3862 modo
1659 3803 1837 3879 possit
1867 3803 2145 3860 amittere.
2228 3801 2384 3864 Quae

392 3888 549 3947 enim
594 3888 838 3957 fortuna,
886 3893 985 3941 aut
1030 3884 1159 3959 quis
1202 3893 1525 3955 casus,›aut
1569 3902 1698 3959 quae
1740 3891 1902 3940 tanta
1943 3880 2121 3959 possit
2152 3880 2383 3958 injuria,
