2698 4492
826 246 1099 295 ORATio
1144 242 1219 291 IN
1269 243 1345 321 Μ.
1391 240 1797 293 ANTONIUM.
2209 318 2220 327 ·
2297 243 2406 303 141

328 388 464 447 dam
490 408 506 459 3
550 399 631 462 ut,
660 388 709 447 si
736 387 943 464 saepius
971 386 1386 445 decertandum
1433 385 1508 443 sit
1536 385 1630 464 (ut
1669 385 1830 466 erit),
1873 402 2098 459 semper
2125 402 2307 445 novus

308 467 593 525 -veniamz
655 486 828 543 quam
888 466 1223 525 facultatem
1280 464 1425 521 mihi
1479 466 1786 523 multitudo
1836 465 2002 523 istius
2041 463 2306 521 vitiorum

326 557 809 622 peccatorumque
834 546 1091 622 largitur.

407 624 644 683 XVIII.
716 625 901 683 Visne
942 623 1117 701 igitur
1156 632 1215 680 te
1256 621 1632 697 inspiciamus
1673 640 1709 681 a
1751 624 1974 699 puero‘!
2061 621 2163 680 Sic
2189 620 2308 697 opi-

329 723 449 761 nor.
532 706 589 761 A
635 702 938 781 principio—
964 704 1272 771 ordiamur.
1357 701 1630 759 Tenesne
1671 700 1966 773 memoria,
2013 710 2309 777 praetexta-
2375 710 2412 763 5

329 792 453 839 tum
492 792 551 841 te
590 782 931 841 decoxisse?
1013 780 1223 851 Patris,
1268 778 1516 853 inquieS,
1545 780 1656 837 ista
1701 779 1872 855 culpa
1897 789 2000 837 est.
2085 780 2310 838 Conce-

329 862 437 919 do:
480 862 697 919 etenim
724 870 813 919 est
836 860 1067 937 pietatis
1086 860 1257 935 plena
1284 857 1559 916 defensi0.
1642 857 1796 916 Illud
1823 868 2015 917 tamen
2049 859 2308 934 audacia}

328 951 463 1011 tuae,
492 938 649 1016 quod
676 939 877 997 sedisti
904 940 967 997 in
994 936 1431 1014 quatuordecim
1456 936 1772 1007 ordinibus,
1801 936 1937 995 cum
1983 947 2154 1007 esset,
2181 937 2310 1013 lege

330 1018 573 1090 Roscia,
602 1018 1003 1077 decoctoribus
1050 1026 1243 1076 certus
1287 1015 1450 1073 locus
1497 1015 1858 1088 constitutus,
1886 1016 2144 1092 quamvis
2183 1015 2311 1090 quis

331 1098 571 1155 fortunae
600 1097 757 1168 vitio,
786 1116 901 1155 non
929 1116 1051 1167 su0‚
1080 1093 1418 1153 decoxisset.
2348 1106 2416 1160 10

412 1176 722 1251 Sumpsisti
746 1175 971 1233 virilem
1014 1186 1225 1251 togam,
1276 1192 1448 1248 quam
1497 1173 1690 1230 statim
1737 1173 2078 1231 muliebrem
2118 1182 2310 1250 togam

330 1255 663 1312 reddidisti:
724 1252 909 1331 primo
970 1254 1206 1330 vulgare
1261 1263 1546 1310 scortum:
1607 1262 1766 1309 certa
1821 1252 2026 1329 flagitii
2067 1271 2311 1323 merces,

330 1354 441 1391 nec
467 1353 539 1392 ea
564 1344 755 1411 parva.
841 1334 961 1391 Sed
989 1332 1106 1391 cito
1138 1330 1319 1389 Curio
1344 1330 1670 1401 intervenit,
1701 1330 1800 1405 qui
1837 1340 1896 1389 te
1924 1351 1958 1389 a
1984 1330 2314 1389 meretricio

330 1424 549 1487 quaestu
579 1412 847 1481 abduxit3
892 1421 969 1483 et,
998 1423 1275 1487 tanquam
1304 1410 1508 1468 stolam
1535 1409 1808 1482 dedisset,
1839 1410 1899 1468 in
1947 1410 2312 1468 matrimonio

331 1492 521 1549 stabili
548 1502 607 1549 et
634 1502 793 1550 certo
818 1492 1045 1549 locavit.
2349 1498 2416 1551 15

412 1569 603 1627 Nemo
642 1589 897 1644 unquam
936 1589 1099 1646 puer,
1142 1578 1367 1644 emptus
1407 1568 1666 1627 libidinis
1710 1568 1908 1639 causa,
1937 1579 2054 1626 tam
2099 1567 2207 1627 fuit
2248 1567 2310 1625 in

338 1647 552 1705 domini
590 1658 887 1723 potestate,
929 1647 1102 1723 quam
1142 1658 1205 1705 tu
1260 1648 1321 1706 in
1376 1647 1663 1706 Curionis,
1760 1647 2012 1709 Quoties
2052 1655 2110 1705 te
2149 1656 2311 1722 pater

338 1726 461 1801 ejus
490 1726 657 1783 domo
696 1726 801 1783 sua
841 1726 1051 1802 ejecit?
1093 1727 1314 1801 quoties
1353 1728 1620 1785 custodes
1657 1726 1866 1803 posuit,
1908 1746 1982 1784 ne
2021 1726 2201 1783 limen
2229 1724 2315 1782 in-

337 1805 560 1863 trares?
604 1801 737 1863 cum
766 1814 829 1862 tu
855 1815 1069 1877 tamen,
1098 1806 1268 1864 nocte
1298 1805 1480 1878 socia,
1506 1807 1770 1864 hortante
1814 1804 2076 1877 libidine,
2106 1822 2314 1880 cogen-

335 1893 391 1941 te
418 1884 705 1955 mercede,
733 1904 834 1960 per
862 1885 1085 1961 tegulas
1113 1885 1512 1944 demitterere:
1554 1905 1680 1961 quae
1717 1884 1938 1961 flagitia
1973 1885 2175 1941 domus
2215 1882 2314 1940 illa
2346 1888 2418 1943 20
2469 1920 2473 1924 -

332 1962 548 2019 diutius
576 1962 723 2021 ferre
750 1984 865 2022 non
892 1964 1091 2040 potuit.
1177 1964 1406 2035 Scisne,
1434 1983 1527 2022 me
1571 1966 1644 2023 de
1686 1964 1860 2022 rebus
1906 1963 2049 2021 mihi
2089 1962 2314 2019 notissi-

332 2042 441 2098 mis
501 2042 738 2100 dicere?
820 2042 1161 2103 Recordare
1211 2053 1439 2120 tempus
1504 2044 1666 2116 illud,
1722 2040 1856 2101 cum
1915 2052 2077 2119 pater
2134 2041 2314 2099 Curio

330 2138 578 2179 moerens
612 2121 847 2197 jacebat
886 2122 947 2180 in
986 2122 1177 2181 lecto:
1218 2122 1391 2193 filius,
1433 2141 1495 2180 se
1537 2124 1610 2180 ad
1660 2122 1838 2199 pedes
1877 2141 2036 2179 meos
2073 2130 2316 2197 proster-

331 2218 497 2269 nenS,
524 2199 868 2276 lacrymans,
897 2210 955 2258 te
996 2200 1138 2258 mihi
1180 2201 1622 2260 commendabat
1638 2221 1652 2272 ;
1695 2200 1916 2272 orabat,
1937 2210 2002 2257 ut
2027 2209 2085 2258 te
2113 2208 2316 2257 contra

280 2329 288 2336 .
332 2296 503 2336 suum
541 2287 782 2352 patrem,
825 2279 875 2336 si
914 2279 1241 2336 sestertium
1296 2279 1559 2354 sexagies
1611 2287 1852 2356 peteret,
1910 2279 2312 2336 defenderem:
2347 2294 2418 2347 25

333 2365 560 2413 tantum
600 2356 757 2413 enim
798 2375 863 2413 se
900 2375 1003 2430 pro
1057 2366 1114 2414 te
1156 2357 1568 2416 intercessisse.
1675 2356 1806 2432 Ipse
1864 2366 2077 2426 autem,
2121 2374 2314 2414 amore

336 2435 565 2504 ardenS,
594 2433 992 2505 confirmabat,
1027 2433 1183 2508 quod
1226 2434 1578 2493 desiderium
1603 2435 1689 2492 tui
1730 2434 1962 2496 discidii
2009 2434 2158 2492 serre
2197 2453 2313 2492 non

331 2522 542 2590 posset,
571 2532 633 2570 se
662 2512 723 2570 in
749 2512 1015 2571 exsilium
1044 2533 1169 2572 esse
1199 2511 1429 2570 iturum.

410 2590 551 2653 Quo
580 2611 689 2668 ego
715 2601 969 2667 tempore
997 2602 1158 2649 tanta
1185 2592 1337 2650 mala
1365 2591 1780 2650 florentissimae
1827 2591 2057 2648 familiae
2097 2591 2312 2664 sedavi,

330 2670 421 2730 ,vel
448 2668 637 2746 potius
664 2671 885 2728 sustuli.
968 2671 1127 2728 Patri
1154 2671 1431 2748 persuasi,
1461 2682 1524 2728 ut
1553 2691 1630 2728 aes
1679 2671 1931 2729 alienum
1973 2671 2076 2729 filii
2117 2671 2314 2730 dissol-
2345 2685 2416 2740 30

332 2759 522 2808 veret:
566 2751 875 2808 redimeret
918 2751 1361 2822 adolescentem,
1404 2750 1630 2808 summa
1671 2769 1772 2825 spe
1812 2760 1869 2808 et
1913 2751 2086 2808 animi
2130 2761 2188 2808 et
2229 2749 2313 2808 in-

334 2829 492 2905 genii
531 2830 855 2905 praeditum,
898 2829 981 2887 rei
1024 2828 1323 2887 familiaris
1385 2829 1788 2902 facultatibu53
1847 2849 2095 2905 eumque
2136 2850 2172 2888 a
2210 2830 2312 2888 tua

332 2927 447 2965 non
486 2907 656 2966 modo
700 2908 1109 2980 familiaritate,
1140 2909 1241 2966 sed
1292 2909 1468 2966 etiam
1510 2908 1936 2985 congressione,
1963 2911 2149 2986 patrio
2183 2910 2313 2986 jure

332 2995 391 3042 et
415 2996 692 3061 potestate
718 2987 1059 3062 prohiberet.
1145 2987 1295 3044 Haec
1321 2997 1386 3044 tu
1414 2985 1552 3045 cum
1590 3008 1689 3064 per
1731 3007 1825 3046 me
1854 2999 1986 3046 acta
2024 2988 2314 3048 meminis·

334 3083 425 3120 ses
447 3084 461 3134 ;
504 3065 616 3121 nisi
677 3065 809 3136 illis,
852 3085 992 3140 quos
1036 3066 1313 3136 videmus,
1357 3066 1566 3152 gladiis
1607 3067 1946 3139 confidereS,
1986 3067 2312 3126 maledictis
2345 3077 2416 3131 35

334 3161 427 3199 me
454 3162 758 3216 provocare
788 3162 961 3200 ausus
988 3145 1180 3201 esses?

414 3219 588 3277 XIX.
660 3222 777 3277 Sed
800 3221 918 3297 jam
948 3231 1143 3297 stupra
1170 3232 1229 3280 et
1254 3221 1474 3299 flagitia
1514 3223 1812 3282 omittam:
1855 3234 1990 3281 sunt
2029 3225 2310 3299 quaedam,

336 3317 461 3373 quae
491 3297 727 3356 honeste
757 3318 871 3356 non
896 3319 1126 3373 possum
1167 3301 1363 3358 dicere
1384 3309 1409 3359 :'
1439 3312 1502 3360 tu
1545 3313 1736 3360 autem
1763 3301 1836 3361 eo
1876 3302 2128 3374 liberior,
2157 3301 2312 3377 quod

334 3396 406 3435 ea
435 3376 493 3435 in
520 3387 579 3434 te
609 3376 907 3448 admisisti,
938 3397 1063 3452 quae
1094 3398 1127 3436 a
1155 3382 1482 3438 verecundo
1510 3380 1748 3439 inimico
1795 3380 1995 3438 audire
2037 3401 2149 3439 non
2190 3401 2314 3457 pos-

334 3475 441 3514 ses,
528 3456 645 3514 Sed
672 3455 956 3530 reliquum
983 3456 1111 3515 vitae
1141 3477 1375 3516 cursum
1416 3460 1638 3516 videter
1679 3478 1850 3534 quem
1892 3458 2122 3532 quidem
2166 3461 2314 3520 cele-
2345 3467 2417 3522 40

333 3536 469 3593 riter
509 3533 906 3611 perstringam.
993 3537 1088 3593 Ad
1142 3537 1267 3595 haec
1320 3539 1498 3608 enim,
1554 3557 1680 3610 quae
1723 3539 1780 3596 in
1844 3537 1998 3595 civili
2041 3539 2209 3611 bello,
2252 3540 2313 3598 in

333 3614 599 3672 maximis
638 3614 971 3691 reipublicae
1010 3615 1276 3687 miserim,
1320 3617 1478 3686 fecit,
1537 3625 1595 3673 et
1639 3617 1710 3673 ad
1766 3636 1838 3674 ea
1891 3637 2018 3693 quae
2059 3619 2314 3693 quotidie

334 3693 492 3766 facit,
556 3694 789 3752 festinat
850 3695 1091 3752 animus
1188 3695 1366 3766 Quae,
1425 3705 1576 3771 pete,
1621 3703 1702 3766 ut,
1745 3715 2074 3770 quanquam
2130 3695 2312 3754 multo

332 3773 554 3834 notiora
608 3774 767 3835 vobis
825 3772 998 3849 quam
1058 3773 1200 3832 mihi
1258 3784 1410 3846 sunt,
1453 3784 1648 3831 tamen
1693 3773 1783 3852 (ut
1833 3774 2048 3851 facitis)
2095 3771 2312 3831 attente
