2698 4492
875 336 1149 388 ORATIO
1193 334 1285 421 ιΝ,
1313 335 1390 385 ιιι
1435 310 1842 385 ANTONIUM.
2332 331 2452 392 129

1130 653 1590 743 ORATIO

712 890 859 966 IN
946 890 1086 965 Μ.
1190 887 2021 965 ANT'ONIUM.

456 1259 505 1318 1.
572 1258 857 1321 Quorum
902 1276 1033 1317 meo
1081 1258 1217 1329 fato,
1259 1256 1463 1315 Patres
1489 1256 1840 1333 conscripti,
1867 1255 1994 1314 fieri
2041 1256 2253 1327 dicam,
2291 1265 2358 1314 ut

376 1358 565 1411 nemo,
594 1338 685 1395 his
712 1336 879 1395 annis
904 1336 1129 1415 viginti,
1155 1336 1490 1411 reipublicae
1519 1336 1692 1393 fuerit
1731 1336 1927 1406 hostia,
1956 1335 2054 1409 qui
2095 1355 2210 1393 non
2239 1336 2358 1393 bel:-

374 1418 495 1475 lum
523 1417 725 1475 eodem
767 1426 1023 1491 tempore
1066 1415 1209 1473 mihi
1252 1434 1478 1490 quoque
1519 1414 1790 1473 indixerit
1809 1416 1840 1472 'f
1915 1414 2049 1473 Nec
2076 1412 2212 1473 vero
2255 1434 2356 1472 ne-

376 1515 539 1554 cesse
565 1505 653 1552 est
680 1513 716 1552 a
742 1514 835 1552 me
861 1513 1191 1571 quenquam
1236 1492 1560 1551 nominari:
1603 1494 1898 1552 vobiscum
1943 1492 2050 1569 ipsi
2091 1494 2357 1551 recorda-

375 1573 536 1631 mini.
618 1572 772 1631 Mihi
797 1592 1099 1648 poenarum
1126 1572 1209 1630 illi
1236 1570 1386 1647 pluS‚
1417 1570 1590 1647 quam
1629 1583 1908 1648 optarem,
1935 1572 2253 1642 dederunt3
2297 1582 2354 1630 te
2415 1574 2458 1629 5

376 1652 569 1723 miror,
600 1651 841 1722 Antoni,
869 1670 1110 1725 quorum
1138 1652 1294 1708 facta
1340 1650 1586 1721 imitere,
1615 1668 1814 1708 eorum
1861 1652 2048 1708 exitus
2087 1670 2204 1707 non
2229 1669 2358 1725 per·

377 1732 725 1788 horrescere.
809 1730 1005 1804 Atque
1026 1730 1172 1787 hoc
1158 1748 1219 1787 ιιι
1242 1730 1370 1787 aliis
1389 1727 1582 1786 minus
1609 1728 1898 1786 mirabar:
1939 1748 2112 1785 nemo
2128 1728 2356 1787 illorum

378 1809 650 1867 inimicus
677 1808 819 1865 mihi
847 1807 954 1865 fuit
980 1808 1370 1867 voluntarius:
1412 1826 1612 1865 omnes
1641 1826 1673 1865 a
1701 1827 1793 1865 me
1815 1806 2146 1883 reipublicae
2176 1806 2356 1865 causa

376 1886 647 1945 lacessiti.
731 1886 851 1957 Τιι,
878 1906 955 1945 ne
980 1888 1155 1945 verbo
1196 1886 1430 1963 quidem
1471 1886 1731 1957 violatuS‚
1761 1895 1826 1942 ut
1869 1885 2145 1944 audacior
2181 1884 2362 1960 quam-

376 1966 444 2025 L.
476 1965 751 2036 Catilina,
780 1964 1046 2024 furiosior
1089 1964 1263 2041 quam
1291 1966 1362 2023 P.
1392 1964 1654 2037 Clodius,
1681 1965 1959 2036 viderere,
2005 1965 2153 2022 ultro
2179 1965 2358 2021 male-
2385 1978 2456 2032 10

376 2044 548 2103 dictis
576 2064 669 2103 me
695 2044 1017 2103 lacessisti:
1058 2055 1333 2120 tuamque
1363 2064 1398 2103 a
1424 2064 1516 2103 me
1559 2044 1964 2103 alienationem
1991 2044 2360 2103 commenda-

376 2124 591 2181 tionem
618 2124 725 2180 tibi
755 2123 827 2180 ad
856 2124 1013 2181 cives
1040 2124 1246 2200 impios
1285 2125 1406 2182 fore
1431 2124 1722 2199 putavisti.

430 2201 621 2263 Quid
661 2203 904 2276 putem?
964 2212 1432 2280 contemptumne
1491 2204 1629 2262 mei
1709 2202 1770 2261 N
1771 2222 1847 2261 on
1899 2202 2085 2274 vide0‚
2141 2221 2256 2260 nec
2295 2200 2357 2261 in

378 2279 515 2350 vita,
545 2299 656 2337 nec
684 2280 745 2337 in
772 2281 979 2355 gratia,
1008 2301 1118 2338 nec
1148 2283 1209 2339 in
1235 2283 1410 2339 rebus
1457 2282 1651 2357 gestiS,
1679 2301 1794 2339 nec
1839 2281 1900 2338 in
1929 2283 2042 2338 hac
2069 2281 2200 2338 mea
2241 2299 2360 2338 me·-

380 2356 681 2414 diocritate
735 2357 999 2452 ingenii„
1028 2360 1168 2432 quid
1208 2359 1504 2434 despicere
1547 2359 1725 2433 possit
1765 2359 2072 2416 Antonine.
2156 2360 2255 2415 An
2297 2359 2358 2416 in
2387 2369 2458 2422 15

380 2444 585 2492 senatu
612 2433 888 2492 facillime
916 2436 991 2492 d³e
1018 2454 1111 2493 me
1140 2437 1366 2494 detrahi
1403 2455 1570 2511 posse
1611 2436 1896 2494 credidit?
1939 2437 2038 2510 qui
2077 2437 2215 2493 ordo
2243 2436 2360 2494 cla-

379 2512 621 2571 rissimis
650 2512 872 2570 civibus
919 2513 1069 2571 bene
1114 2525 1289 2591 gestae
1330 2514 1662 2590 reipublicae
1709 2513 2102 2571 testimonium
2141 2514 2357 2586 multiS,

378 2591 522 2649 mihi
562 2591 665 2648 uni
722 2602 1089 2663 conservatae,
1132 2593 1307 2651 dedit.
1406 2594 1506 2649 An
1547 2593 1844 2650 decertare
1897 2610 2130 2649 mecum
2182 2593 2361 2650 voluit

379 2669 747 2729 contentione
806 2670 1040 2728 dicendi
1052 2673 1081 2732 ἲ
1148 2673 1261 2730 hoc
1320 2672 1554 2746 quid-em
1611 2670 1960 2728 beneficium
2025 2681 2150 2728 est:
2219 2671 2360 2746 quid

378 2749 534 2806 enim
560 2749 807 2823 pleniuS,
836 2749 975 2825 quid
1002 2749 1255 2821 uberius,
1305 2748 1480 2825 quam
1527 2749 1670 2807 mihi
1697 2759 1758 2807 et
1801 2769 1904 2826 pro
1929 2768 2042 2820 me,
2073 2760 2131 2807 et
2159 2760 2362 2808 contra
2387 2757 2460 2810 20

378 2827 720 2898 Antonium,
750 2827 989 2886 dicere?
1070 2827 1227 2886 Illud
1252 2827 1510 2905 profecto
1539 2838 1664 2886 est.
1707 2848 1822 2886 non
1871 2795 2238 2900 existimavit,
2269 2828 2360 2887 sui

378 2906 663 2964 similibus
687 2905 917 2982 probari
942 2926 1128 2996 posse,
1158 2927 1221 2964 se
1247 2927 1374 2965 esse
1402 2907 1624 2964 hostem
1649 2907 1868 2984 patriae,
1898 2907 2010 2964 nisi
2037 2907 2180 2964 mihi
2209 2918 2364 2966 esset

378 2985 665 3043 inimicus.
748 2984 867 3042 Cui
903 2985 1062 3060 prius
1089 3004 1263 3060 quam
1310 2987 1384 3042 de
1432 2986 1656 3043 caeteris
1695 2987 1870 3044 rebus
1907 2987 2245 3062 respondeo,
2287 2988 2362 3045 de

381 3063 658 3133 amicitia,
686 3081 861 3138 quam
889 3083 923 3121 a
950 3083 1042 3120 me
1069 3064 1340 3121 violatam
1367 3077 1496 3122 esse
1524 3065 1863 3123 criminatus
1904 3075 2010 3137 est,
2043 3063 2225 3142 (quod
2253 3085 2364 3143 ego

380 3141 778 3218 gravissimum
805 3141 1027 3200 crimen
1048 3141 1272 3222 judico)
1304 3162 1497 3219 pauca
1524 3144 1734 3201 dicam.
2389 3147 2462 3200 25

460 3219 543 3276 ΙΙ.
612 3219 832 3277 Contra
853 3239 978 3278 rem
1020 3239 1183 3278 suam
1224 3241 1337 3292 me,
1368 3221 1568 3281 nescio
1594 3223 1844 3296 quando,
1873 3223 2100 3280 venisse
2127 3230 2365 3297 questus
2408 3247 2412 3252 ·

380 3307 483 3355 est.
567 3297 665 3355 An
707 3317 817 3374 ego
857 3318 971 3356 non
1016 3299 1273 3358 venirem
1316 3311 1518 3359 contra
1559 3300 1808 3358 alienum
1849 3319 1954 3375 pro
1995 3299 2264 3358 familiari
2305 3309 2416 3358 et

380 3376 707 3433 necessario
752 3378 924 3434 meo'l
965 3397 1081 3436 non
1122 3379 1376 3436 venirem
1423 3389 1628 3437 contra
1666 3378 1932 3455 gratiam,
1982 3397 2097 3436 non
2138 3378 2366 3436 virtutis

380 3473 500 3530 spe,
530 3454 632 3511 sed
660 3454 843 3512 aetatis
872 3455 1028 3527 flore,
1052 3457 1358 3515 collectam
1377 3458 1407 3515 Τ
1443 3477 1558 3514 non
1580 3458 1836 3515 venirem
1854 3455 2055 3514 contra
2073 3456 2364 3533 injuriam,

380 3552 553 3608 quam
608 3533 715 3590 iste
769 3534 1165 3593 intercessoris
1224 3535 1569 3610 iniqui-ssimi
1612 3535 1896 3592 beneficio
1937 3535 2206 3606 obtinuit,
2248 3555 2364 3594 non
2392 3549 2464 3604 30

373 3611 501 3688 jure
541 3611 846 3687 praetorio?
932 3614 1050 3671 Sed
1078 3616 1189 3672 hoc
1234 3614 1456 3672 idcirco
1499 3624 2010 3672 commemoratum
2060 3634 2094 3672 a
2121 3625 2177 3672 te
2203 3625 2362 3690 puto,

382 3700 444 3746 ut
468 3700 527 3747 te
555 3690 751 3748 infimo
776 3690 965 3748 ordini
994 3692 1450 3762 commendares,
1481 3691 1618 3750 cum
1665 3702 1723 3750 te
1749 3711 1950 3751 omnes
1997 3694 2367 3751 recordaren-

378 3778 471 3825 tur
497 3769 751 3826 libertini
779 3789 1082 3845 generum,
1108 3781 1169 3830 et
1192 3771 1404 3830 liberos
1431 3781 1561 3830 tuos
1586 3781 1823 3848 nepotes
1862 3773 1943 3836 Q.
1974 3771 2166 3844 Fadii,
2195 3771 2370 3830 liber·

379 3845 488 3908 tini
526 3847 797 3921 hominis,
828 3847 1021 3908 fuisse
