2698 4492
787 257 1062 308 ORATIO
1100 257 1248 308 PRO
1290 259 1367 308 M.
1412 257 1831 310 MARCELLO.
2318 261 2401 320 63

407 404 515 463 Ille
561 403 794 478 quidem
847 402 1099 460 fructum
1139 402 1326 460 omnis
1364 402 1495 462 vitae
1542 413 1823 463 anteacta
1876 403 2153 463 hodierno
2206 401 2303 460 die

328 483 642 558 maximum
670 481 843 557 cepit,
872 479 1010 539 cum
1036 499 1261 539 summo
1288 501 1573 540 consensu
1600 485 1855 556 senatus,
1883 495 2007 542 tum
2025 492 2305 560 praeterea

323 561 544 639 judicio
583 570 683 618 tuo
725 559 1060 636 gravissimo
1085 568 1145 616 et
1170 560 1435 619 maximo.
1517 561 1609 620 Ex
1650 582 1765 638 quo
1802 561 2057 640 profecto
2098 560 2305 619 intelli-

327 641 437 718 gis,
466 649 682 714 quanta
709 639 768 696 in
795 640 930 696 dato
976 638 1262 696 beneficio
1303 638 1379 696 sit
1419 640 1565 710 lam,
1594 639 1731 698 cum
1762 641 1824 698 in
1866 650 2105 718 accepto
2142 650 2305 697 tanta

329 719 404 776 sit
430 718 628 795 gloria.
711 717 819 774 Est
842 713 978 774 vero
1008 717 1328 774 fortunatus
1345 717 1463 788 ille,
1482 719 1649 794 cujus
1664 739 1737 778 ex
1764 720 1947 778 salute
1974 739 2089 778 nou
2118 719 2303 777 minor
2366 723 2405 775 5

328 797 478 875 pene
523 797 596 854 ad
634 815 854 866 omnes,
897 793 1072 870 quam
1120 795 1194 852 ad
1235 795 1423 870 ipsum
1460 808 1701 855 ventura
1740 798 1833 869 sit,
1874 798 2073 856 laetitia
2109 817 2307 873 perve-

331 876 498 934 nerit.
578 873 759 937 Quod
787 874 842 930 ei
869 873 1102 947 quidem
1142 871 1371 944 merito,
1401 883 1571 948 atque
1610 876 1823 951 optimo
1856 877 2003 952 jure,
2046 876 2303 952 contigit.

330 954 488 1016 Quis
514 953 672 1010 enim
699 960 786 1008 est
811 951 910 1008 illo
938 960 1037 1007 aut
1061 951 1379 1023 nobilitate,
1399 960 1499 1009 aut
1515 953 1818 1027 probitate,
1840 965 1940 1012 aut
1964 953 2308 1030 optimarum

333 1032 542 1089 artium
589 1029 797 1101 studio,
843 1038 942 1086 aut
983 1028 1335 1101 innocentia,
1381 1039 1483 1088 aut
1524 1031 1643 1089 ullo
1672 1051 1895 1108 ‚genere
1920 1031 2129 1102 laudis,
2168 1051 2309 1108 prae-

334 1109 612 1166 stantior?
1517 1175 1527 1185 .
2341 1120 2408 1174 10

413 1187 494 1245 ΙΙ.
576 1185 812 1250 Nullius
851 1195 1076 1243 tantum
1129 1195 1216 1243 est
1253 1185 1470 1244 flumen
1525 1187 1767 1264 ingenii,
1808 1189 2023 1246 nullius
2076 1187 2309 1247 dicendi

333 1276 432 1324 aut
459 1264 754 1326 scribendi,
775 1274 936 1322 tanta
961 1264 1066 1335 vis,
1094 1273 1256 1322 tanta
1283 1265 1477 1342 copia,
1487 1285 1636 1341 quae,
1653 1287 1769 1326 non
1791 1268 1983 1325 dicam
2011 1285 2308 1332 exornare.

329 1346 431 1403 sed
459 1363 750 1414 enarrare,
769 1343 838 1400 C.
859 1343 1076 1414 Caesar,
1095 1363 1186 1400 res
1201 1352 1330 1401 tuas
1354 1355 1549 1420 gestas
1574 1345 1765 1422 possit.
1836 1346 2065 1404 Tamen
2090 1346 2311 1404 affirmo

332 1424 418 1502 (et
445 1425 556 1481 hoc
580 1440 726 1499 pace
755 1421 947 1478 dicam
974 1422 1128 1499 tua),
1156 1421 1376 1480 nullam
1416 1423 1479 1480 in
1519 1423 1609 1481 his
1649 1444 1777 1483 esse
1803 1424 2035 1482 laudem
2077 1425 2311 1501 amplio-

329 1522 470 1573 rem,
513 1499 687 1576 quam
727 1519 877 1572 eam,
919 1519 1094 1574 quam
1121 1501 1413 1558 'hodierno
1451 1501 1547 1559 die
1588 1513 1934 1561 consecutus
1974 1523 2054 1560 es.
2138 1503 2309 1561 Soleo
2339 1507 2407 1561 15

330 1601 480 1658 saepe
509 1590 642 1636 ante
667 1578 866 1637 oculos
891 1598 1124 1654 ponere,
1153 1578 1327 1654 idque
1354 1579 1602 1639 libenter
1631 1582 1851 1639 crebris
1890 1600 2167 1658 usurpare
2195 1601 2310 1638 ser-

331 1659 616 1729 monibuS,
657 1661 860 1716 omnes
900 1666 1222 1715 nostrorum
1261 1657 1687 1734 imperatorum,
1728 1679 1931 1718 omnes
1983 1669 2308 1717 exterarum

333 1738 611 1816 gentium,
657 1735 1292 1812 potentissimorumque
1335 1737 1691 1813 populorum,
1728 1757 1929 1795 omnes
1970 1737 2312 1795 clarissimo-

259 1860 266 1866 .
331 1836 460 1874 rum
490 1833 708 1892 regum,
736 1834 828 1872 res
856 1824 1066 1892 gestaS,
1096 1833 1232 1872 cum
1257 1815 1374 1872 tuis
1399 1835 1513 1872 nec
1552 1817 1985 1892 contentionum
2024 1817 2311 1892 magnitu-

333 1895 488 1966 dine,
535 1912 647 1951 nec
685 1912 926 1951 numero
964 1892 1314 1969 proeliorum,
1358 1913 1471 1952 nec
1517 1895 1791 1954 varietate
1834 1895 2155 1971 regionum,
2196 1914 2309 1954 nec
2334 1895 2419 1950 20

332 1973 628 2033 celeritate
681 1970 1050 2053 conficiendi,
1104 1991 1216 2030 nec
1269 1971 1737 2032 dissimilitudine
1791 1974 2089 2045 bellorum,
2142 1993 2309 2050 posse

331 2052 612 2110 conferri:
653 2069 766 2108 nec
818 2049 953 2114 vero
995 2049 1475 2127 disjunctissimas
1520 2061 1702 2110 terras
1750 2050 1925 2111 citius
1965 2052 2307 2129 cujusquam

329 2131 590 2208 passibus
614 2129 866 2207 potuisse
908 2129 1220 2206 peragrari,
1249 2129 1424 2204 quam
1469 2130 1603 2203 tuis„
1631 2131 1762 2189 non*
1790 2132 1983 2190 dicam
2024 2131 2309 2203 cursibus,

331 2211 434 2269 sed
462 2209 734 2280 victoriis,
763 2209 1016 2266 lustratae
1044 2208 1174 2265 sint.

246 2353 255 2362 ,
408 2289 563 2351 Quae
617 2288 850 2363 quidem
905 2286 1166 2363 egonisi
1206 2286 1288 2343 ita
1326 2305 1542 2363 magna
1592 2308 1718 2345 esse
1760 2289 1960 2359 fatear,
2002 2298 2066 2345 ut
2106 2306 2177 2345 ea
2215 2287 2310 2345 vix
2334 2285 2407 2338 25

333 2368 674 2444 cujusquam
701 2385 866 2424 mens
897 2375 996 2421 aut
1023 2364 1296 2442 cogitatio
1336 2384 1545 2441 capere
1569 2368 1766 2441 possit,
1798 2385 1995 2423 amens
2022 2366 2162 2423 sim:
2206 2366 2308 2423 sed

330 2457 525 2505 tamen
553 2456 688 2503 sunt
717 2443 1089 2520 aliaxmajora.
1172 2442 1332 2499 Nam
1361 2443 1601 2501 bellicas
1626 2444 1829 2502 laudes
1862 2444 2049 2501 solent
2074 2443 2310 2517 quidam

331 2535 643 2583 extenuare
696 2523 904 2594 verbiS,
960 2540 1171 2597 easque
1215 2522 1518 2580 detrahere
1558 2522 1824 2593 ducibus,
1879 2521 2311 2580 communicare

331 2623 467 2662 cum
493 2602 708 2673 multiS,
732 2621 805 2659 ne
831 2600 1070 2677 propriae
1093 2600 1206 2658 sint
1224 2600 1645 2676 imperatorum.
1728 2600 1807 2658 Et
1834 2600 2013 2671 certe,
2038 2600 2096 2659 in
2116 2601 2308 2672 armis,
2363 2642 2366 2647 -

332 2682 578 2739 militum
619 2682 816 2751 virtuS,
844 2681 1099 2738 locorum
1139 2679 1548 2755 opportunitas,
1580 2678 1793 2737 auxilia
1832 2679 2141 2751 sociorum,
2168 2679 2311 2737 clas-
2335 2686 2409 2740 30

308 2780 442 2831 seS,
462 2770 836 2829 commeatuS,
858 2757 1103 2816 multum
1115 2758 1349 2834 juvant:
1392 2758 1701 2816 maximam
1729 2756 1865 2817 vero
1882 2768 2123 2835 partem,
2144 2758 2309 2833 quasi

332 2859 437 2897 suo
485 2839 634 2915 jure,
679 2837 936 2895 Fortuna
989 2836 1098 2894 sibi
1140 2836 1398 2895 vindicat
1414 2858 1430 2907 3
1472 2846 1549 2909 et,
1590 2837 1866 2913 quidquid
1906 2848 1993 2895 est
2043 2835 2309 2914 prospere

332 2928 578 2995 gestum,
612 2918 671 2974 id
697 2915 848 2994 pene
878 2934 1048 2973 omne
1077 2916 1238 2973 ducit
1263 2934 1451 2972 suum.

412 2997 494 3053 At
520 2994 655 3053 vero
685 2995 854 3071 hujus
881 2994 1096 3071 gloriae,
1125 2995 1194 3051 C.
1224 2993 1443 3063 Caesar,
1471 3012 1643 3069 quam
1684 3013 1749 3051 es
1773 2991 1946 3071 paulo
1978 2992 2112 3051 ante
2144 2993 2311 3069 adep-

333 3084 445 3146 ωε,
475 3076 698 3137 socium
741 3074 922 3131 habes
963 3072 1272 3130 neminem.
1372 3071 1590 3130 Totum
1638 3074 1768 3144 hoc,
1798 3082 2309 3148 quantumcunque
2336 3075 2407 3128 35

331 3164 438 3223 est,
483 3153 664 3227 (quod
704 3150 862 3209 certe
905 3151 1218 3208 maximum
1259 3152 1373 3229 est)
1430 3160 1612 3209 totum
1644 3161 1773 3221 est,
1828 3150 2083 3225 inquam,
2125 3159 2307 3207 tuum.

332 3232 498 3289 Nihil
527 3231 637 3288 sibi
664 3250 736 3288 ex
764 3230 872 3287 ista
899 3230 1072 3287 laude
1099 3229 1381 3299 centurio,
1409 3228 1552 3286 nihil
1580 3229 1904 3305 praefectuS,
1924 3228 2066 3284 nihil
2086 3227 2307 3296 cohors,

331 3311 473 3368 nihil
502 3320 712 3379 turma,
741 3308 1014 3384 decerpit.
1094 3307 1263 3369 Quin
1291 3308 1471 3365 etiam
1499 3306 1600 3363 illa
1640 3306 1762 3381 ipsa
1802 3324 1993 3363 rerum
2036 3306 2313 3361 humana-'-

331 3408 460 3445 rum
487 3388 738 3458 domina,
768 3386 1044 3456 Fortuna,
1063 3386 1123 3443 in
1142 3386 1306 3443 istius
1327 3404 1391 3442 se
1408 3384 1743 3441 societatem
1760 3383 1953 3459 gloriae
1975 3402 2090 3440 non
2106 3382 2271 3439 offert
2295 3402 2308 3440 τ

331 3468 438 3525 tibi
469 3466 658 3526 cedit:
700 3477 860 3523 tuam
901 3484 1028 3531 esse
1069 3474 1246 3521 totam
1270 3472 1333 3521 >et
1357 3462 1643 3539 propriam
1684 3462 1910 3519 fatetur.
1992 3460 2311 3535 Nunquam
2337 3463 2408 3516 40

332 3547 488 3603 enim
515 3544 809 3603 temeritas
836 3562 972 3600 cum
999 3542 1280 3619 sapientia
1309 3539 1736 3611 commiscetur,
1766 3560 1877 3598 nec
1906 3541 1975 3597 ad
2007 3539 2311 3597 consilium

333 3642 504 3681 casus
533 3622 869 3681 admittitur.

413 3702 528 3759 III.
598 3698 888 3758 Domuisti
929 3708 1134 3775 gentes
1188 3695 1548 3756 immanitate
1601 3698 1897 3779 barbaras,
1938 3696 2311 3755 multitudine

333 3778 801 3850 innumerabileS,
841 3776 986 3835 locis
1026 3777 1300 3850 infinitas,
1341 3774 1501 3833 omni
1541 3776 1836 3853 copiarum
1876 3794 2091 3853 genere
2133 3776 2312 3832 abun-
