2698 4492
304 273 419 332 104
798 273 1070 325 ormi-10
1114 274 1255 324 ruo
1296 274 1360 324 T.
1404 274 1635 323 Anmo
1678 272 1978 323 MILONE.
2063 242 2076 253 ’

402 416 655 488 vidisset,
682 436 845 494 posse
875 417 1088 475 absolvi
1135 436 1291 489 eum,
1326 416 1426 493 qui
1473 418 1780 488 fateretur;
1823 414 1960 475 cum
2007 415 2229 473 videret
2273 436 2382 475 nos

403 486 589 565 fateri,
618 515 805 570 neque
832 496 1008 572 quaeri
1050 516 1303 572 unquam
1340 496 1624 573 jussisset,
1651 515 1764 554 nec
1807 496 1968 553 vobis
2008 505 2129 563 tam
2169 495 2382 553 saluta-

401 592 523 631 rem
552 575 704 631 hanc
732 575 791 632 in
812 575 1130 651 judicando
1154 575 1402 646 literam,
1431 572 1606 649 quam
1647 575 1806 631 illam
1830 574 2075 644 tristem,
2103 573 2378 631 dedisset.

403 650 553 709 Mihi
583 652 715 710 vero
745 654 854 711 Cn.
897 653 1202 729 Pompeius
1242 674 1356 712 non
1395 650 1566 710 modo
1595 653 1738 710 nihil
1767 652 1998 729 gravius
2038 662 2238 709 contra
2264 652 2381 709 Mi-

328 730 591 792 510nem
638 730 952 807 judicasse,
1006 732 1108 790 sed
1149 732 1324 789 etiam
1379 729 1644 788 statuisse
1698 732 1944 800 videtur,
1998 730 2137 805 quid
2178 749 2275 787 vos
2315 731 2378 788 in

414 808 731 884 judicando
758 821 1017 886 spectare
1056 820 1354 886 oporteret.
1424 810 1602 880 Nam,
1631 810 1730 883 qui
1757 828 1871 866 nou
1899 826 2128 885 poenam
2157 809 2379 867 confes-

402 888 567 959 sioni,
609 890 711 947 sed
752 888 1163 959 defensionem,
1206 889 1385 959 dedit,
1427 888 1476 945 is
1527 906 1762 945 causam
1817 886 2082 945 interitus
2123 905 2380 962 quaeren-

402 966 555 1038 dam,
584 986 699 1025 non
741 967 1054 1039 interitum,
1082 968 1315 1044 putavit.
1399 966 1436 1023 J
1440 986 1532 1023 am
1575 966 1716 1023 illud
1755 966 1912 1023 dicet
1939 965 2059 1041 ipse
2096 965 2376 1041 profecto,

403 1046 553 1120 quod
580 1046 683 1103 susi
712 1056 911 1122 sponte
960 1046 1117 1117 fecit,
1161 1046 1442 1105 Publione
1489 1045 1694 1102 Clodio
1736 1044 2106 1101 tribuendum
2141 1045 2376 1120 putarit,

298 1127 367 1180 10
404 1142 478 1181 an
505 1126 762 1201 tempori.

480 1202 620 1262 VII.
702 1203 875 1261 Domi
929 1222 1045 1260 suae
1092 1202 1481 1261 nobilissimus
1533 1202 1638 1273 vir,
1692 1200 1925 1259 senatus
1973 1211 2377 1277 propugnator,

404 1291 593 1355 atque,
650 1282 763 1339 illis
815 1282 1048 1355 quidem
1101 1282 1470 1357 temporibuS,
1524 1279 1673 1357 pene
1713 1290 2004 1357 patronuS,
2033 1280 2379 1337 ‘avunculus

388 1359 568 1435 'cujus
594 1360 771 1417 nostri
804 1359 1038 1435 judiciS,
1068 1359 1360 1418 fortissimi
1402 1359 1528 1430 viri,
1558 1358 1642 1416 M.
1672 1358 1931 1429 CatoniS,
1959 1358 2224 1416 tribunus
2263 1358 2379 1434 ple-

403 1438 493 1493 bis
538 1437 622 1494 M.
672 1437 916 1509 Drusus»,
956 1438 1184 1496 occisus
1224 1448 1326 1495 est.
1410 1438 1576 1495 Nihil
1618 1438 1692 1495 de
1744 1437 1869 1512 ejus
1908 1447 2088 1494 morte
2141 1438 2379 1513 populus

220 1583 225 1589 ¹
301 1515 369 1571 15
405 1516 717 1587 consultus,
758 1516 918 1573 nulla
963 1517 1201 1592 quaestio
1254 1518 1490 1575 decreta
1544 1536 1578 1573 a
1631 1526 1834 1573 senatu
1889 1526 1991 1573 est.
2071 1515 2378 1577 Quantum

404 1594 624 1652 luctum
654 1595 713 1653 in
742 1596 853 1651 hac
880 1595 1022 1654 urbe
1051 1595 1226 1654 fuisse
1255 1614 1289 1653 a
1316 1596 1524 1654 nostris
1565 1595 1823 1671 patribus
1861 1593 2211 1670 accepimus,
2241 1592 2378 1652 cum

405 1674 469 1731 P.
517 1674 815 1744 Africano,
857 1674 1011 1732 domi
1054 1694 1172 1732 suae
1214 1674 1555 1749 quiescenti,
1611 1673 1710 1731 illa
1761 1683 2044 1731 nocturna
2091 1674 2176 1730 vis
2229 1682 2382 1731 esset

406 1752 604 1810 illata'l
675 1752 833 1815 Quis
857 1763 981 1810 tum
1008 1774 1122 1811 non
1149 1754 1413 1830 gemuit?
1455 1754 1584 1829 quis
1623 1773 1739 1811 non
1768 1752 1905 1809 arsit
1931 1751 2165 1810 dolore?
2209 1771 2380 1825 quem

409 1831 805 1902 immortalem,
860 1832 909 1890 si
962 1832 1087 1889 fieri
1127 1843 1335 1909 posset,
1379 1839 1578 1891 omnes
1619 1851 1746 1889 esse
1793 1840 2089 1906 cuperent,
2143 1830 2266 1907 ejus
2305 1850 2380 1888 ne

300 1910 373 1965 20
408 1910 794 1968 necessariam
822 1910 1055 1984 quidem
1082 1921 1468 1987 exspectatam
1499 1931 1624 1969 esse
1652 1910 1928 1967 mortem!
2012 1909 2172 1966 Num
2205 1909 2378 1986 igitur

408 1988 526 2044 ulla
553 1988 791 2061 quaestio
816 1989 889 2046 de
918 1988 1183 2046 Africani
1212 1999 1393 2046 morte
1438 1988 1557 2048 lata
1599 1990 1724 2047 est?
1767 1986 1925 2046 certe
1955 1987 2131 2045 nulla.
2211 1988 2380 2050 Quid

408 2065 527 2123 ita'l
570 2066 706 2140 quia
732 2086 847 2123 non
876 2065 989 2124 alio
1032 2066 1287 2125 facinore
1330 2068 1480 2125 clari·
1517 2068 1797 2138 homineS,
1843 2067 1955 2125 alio
1991 2066 2242 2137 obscuri,
2283 2086 2382 2124 ne-

408 2154 629 2201 cantur.
711 2143 949 2202 Intersit
1007 2144 1154 2202 inter
1216 2145 1341 2203 vitae
1409 2146 1746 2223 dignitatem
1804 2164 2154 2204 summorum
2211 2156 2381 2220 atque

407 2222 766 2282 infimorum:
808 2243 961 2282 mors
986 2224 1238 2300 quidem,
1268 2223 1427 2282 illata
1470 2245 1570 2303 per
1614 2224 1822 2296 sceluS‚
1870 2224 2073 2283 iisdem
2115 2234 2173 2282 et
2197 2225 2382 2302 poenis

302 2305 373 2360 25
408 2313 670 2362 teneatur
697 2314 755 2362 et
781 2303 1022 2381 legibus.
1104 2304 1238 2363 Nisi
1266 2303 1409 2362 forte
1452 2305 1638 2381 magis
1679 2303 1788 2362 erit
1828 2304 2136 2380 parricida,
2165 2305 2213 2361 si
2253 2305 2381 2380 quis

408 2383 768 2440 consularem
808 2393 1047 2459 patrem,
1089 2381 1261 2458 quam
1302 2383 1352 2441 si
1393 2384 1520 2459 quis
1560 2382 1856 2454 humilem,
1911 2383 2238 2454 necaverit3
2283 2393 2382 2440 aut

408 2481 477 2519 eo
503 2481 655 2520 mors
684 2463 926 2520 atrocior
953 2463 1063 2521 erit
1090 2463 1153 2520 P.
1184 2463 1396 2534 Clodii,
1425 2461 1580 2538 quod
1608 2463 1658 2519 is
1684 2462 1743 2519 in
1785 2461 2170 2519 monumentis
2209 2461 2382 2537 majo-

408 2559 536 2597 rum
564 2560 795 2598 suorum
824 2541 897 2598 sit
924 2541 1293 2600 interfectus:
1335 2542 1446 2599 hoc
1473 2541 1628 2599 enim
1673 2561 1820 2616 saepe
1870 2541 1942 2597 ab
1985 2540 2107 2598 istis
2147 2540 2380 2611 dicitur,

404 2619 642 2694 perinde
683 2620 846 2693 quasi
887 2620 1110 2696 Appius
1163 2620 1259 2678 ille
1301 2621 1511 2678 Caecus
1549 2619 1702 2676 viam
1749 2618 2040 2689 munierit,
2095 2638 2209 2689 non
2264 2620 2380 2694 qua

300 2695 373 2750 30
403 2696 643 2773 populus
670 2693 945 2768 uteretur,
974 2699 1076 2755 sed
1103 2698 1204 2754 ubi
1233 2697 1464 2775 impune
1495 2699 1584 2756 sui
1609 2697 1820 2794 posteri
1846 2697 2338 2755 latrocinarentur.

483 2772 709 2848 Itaque,
740 2774 800 2830 in
827 2776 1029 2832 eadem
1058 2775 1168 2832 ista
1216 2776 1406 2851 Appia
1434 2776 1547 2847 via,
1577 2795 1712 2836 cum
1757 2775 2182 2835 ornatissimum
2222 2777 2382 2850 equi-

404 2861 523 2909 tem
552 2851 883 2909 Romanum
912 2853 976 2910 P.
1007 2854 1245 2910 Clodius
1273 2854 1358 2912 M.
1408 2855 1701 2932 Papirium
1748 2855 2075 2926 occidisset,
2119 2875 2230 2913 non
2272 2855 2382 2913 fuit

407 2929 549 2987 illud
578 2929 804 2987 facinus
828 2931 1218 3007 puniendum:
1261 2933 1432 2992 homo
1477 2935 1631 2991 enim
1679 2934 1888 2993 nobilis
1935 2934 1996 2994 in
2023 2934 2142 2990 suis
2182 2953 2382 2992 monu-

406 3009 616 3065 mentis
642 3009 893 3083 equitem
935 3009 1266 3068 Romanum
1305 3013 1637 3070 occiderat:
1679 3032 1836 3070 nunc
1877 3012 2131 3088 ejusdem
2173 3013 2378 3089 Appiae

304 3089 375 3146 35
408 3107 616 3145 nomen
658 3097 901 3163 quantas
940 3089 1251 3165 tragoedias
1304 3091 1549 3149 excitat!
1632 3092 1807 3162 Quae,
1864 3101 2164 3149 cruentata
2207 3101 2380 3150 antea

407 3167 566 3225 caede
620 3167 842 3225 honesti
888 3177 1055 3243 atque
1098 3170 1422 3227 innocentis
1464 3170 1590 3240 viri,
1634 3170 1928 3240 silebatur,
1969 3171 2173 3227 eadem
2220 3189 2380 3228 nunc

406 3243 612 3304 crebro
641 3255 965 3322 usurpatur,
993 3256 1362 3322 posteaquam
1388 3248 1626 3307 latronis
1652 3259 1711 3306 et
1752 3249 2053 3326 parricidae
2097 3249 2379 3325 sanguine

406 3324 629 3383 imbuta
655 3335 757 3384 est.
844 3327 959 3384 Sed
986 3325 1123 3402 quid
1152 3345 1261 3403 ego
1288 3326 1387 3384 illa
1415 3329 1836 3386 commemoro?
1918 3327 2383 3403 Comprehensus

406 3413 494 3461 est
547 3403 606 3462 in
646 3404 857 3482 templo
910 3404 1165 3462 Castoris
1206 3425 1403 3464 servus
1442 3406 1506 3463 P.
1550 3406 1761 3476 Clodii,
1803 3425 1975 3480 quem
2017 3405 2112 3463 ille
2155 3407 2226 3462 ad
2267 3407 2380 3464 Cn.

304 3475 377 3533 40
408 3481 743 3558 Pompeium
770 3483 1233 3541 interficiendum
1262 3484 1588 3542 collocarat.
1672 3484 1912 3542 Extorta
1953 3494 2038 3542 est
2084 3484 2383 3543 confitenti

408 3559 530 3617 sica
590 3561 662 3619 de
718 3562 1001 3619 manibus
1108 3562 1315 3620 Caruit
1369 3563 1488 3620 foro
1539 3572 1734 3638 postea
1786 3563 2126 3639 Pompeius:
2195 3564 2380 3621 caruit

408 3647 645 3695 senatu:
708 3640 895 3696 caruit
940 3641 1207 3716 publico:
1264 3640 1443 3715 janua
1483 3660 1546 3698 se
1595 3660 1664 3698 ac
1721 3639 2054 3717 parietibuS,
2101 3661 2215 3699 non
2251 3641 2382 3716 jure

408 3715 601 3790 legum
641 3717 1123 3792 judiciorumque,
1167 3720 1323 3776 texit.
1406 3720 1567 3777 Num
1609 3739 1736 3794 quae
1783 3719 2003 3796 rogatio
2039 3720 2200 3776 lata?
2242 3740 2383 3778 num

409 3811 537 3869 quae
564 3813 711 3852 nova
736 3795 974 3870 quaestio
1001 3797 1234 3854 decreta
1261 3798 1391 3854 est?
1478 3798 1674 3873 Atqui,
1703 3799 1752 3854 si
1793 3817 1903 3871 res,
1945 3797 1994 3854 si
2033 3797 2138 3870 vir,
2167 3798 2218 3862 si
2244 3809 2386 3856 tem-
