2698 4492
804 292 1082 345 ORATIO
1128 294 1205 343 IN
1250 294 1325 344 M.
1371 292 1776 343 ANTONIUM.
2274 292 2390 349 145

305 436 513 514 impuri
554 436 678 508 filii,
709 446 982 514 tanquam
1022 457 1252 509 nurum,
1283 437 1646 513 sequebatur.
1731 434 1788 493 Ο
1829 454 2054 493 miserae
2091 430 2294 491 mulie-

304 518 384 574 ris
412 517 846 574 soecunditatem
876 517 1304 574 calamitosam!
1391 516 1616 573 Horum
1660 514 2007 591 flagitiorum
2037 514 2144 571 iste
2172 532 2294 571 ves·-

305 596 463 672 tigiis
503 596 699 653 omnia
739 595 1077 671 municipia,
1104 595 1498 672 praefecturaS,
1529 593 1803 665 colonias»,
1833 604 2012 651 totam
2040 593 2292 667 denique

306 674 555 745 Italiam,
587 674 887 751 impressit.

386 752 767 827 Reliquorum
809 753 1090 813 factorum
1131 752 1274 828 ejus„
1304 752 1506 809 Patres
1546 726 1895 841 Conscripti,
1926 749 2176 807 difficilis
2205 760 2293 808 est
2353 756 2390 809 5
2429 792 2438 799 ·

306 829 447 889 sane
490 832 858 909 reprehensio
897 842 955 889 et
994 831 1235 888 lubrica.
1320 830 1602 888 Versatus
1643 830 1700 887 in
1731 830 1882 887 bello
1909 840 2031 887 est:
2075 840 2294 887 satura-

305 912 387 967 vit
428 930 489 968 se
530 911 812 987 sanguine
866 910 1376 967 dissimillimorum
1417 909 1506 965 sui
1550 909 1780 965 civium.
1865 908 2003 965 Fuit
2044 909 2199 979 felix,
2241 908 2292 965 si

304 1000 489 1065 potest
529 962 670 1046 uuae
688 1008 815 1046 esse
844 988 902 1046 in
932 989 1149 1047 scelere
1192 988 1455 1046 felicitaS.
1541 988 1679 1058 Sed,
1709 988 1978 1061 quoniam
2007 988 2292 1045 veteranis

306 1080 542 1125 cautum
572 1087 698 1125 esse
726 1067 1003 1137 volumuS,
1034 1084 1362 1143 quanquam
1391 1066 1684 1124 dissimilis
1711 1076 1798 1123 est
1825 1065 2071 1123 militurn
2115 1085 2293 1123 causa

306 1156 364 1203 et
393 1158 495 1204 tua
526 1145 638 1222 (illi
666 1146 852 1204 secuti
880 1157 1032 1215 sunt,
1061 1155 1124 1202 tu
1151 1144 1425 1221 quaesisti,
1456 1146 1694 1224 ducem)
1720 1165 1734 1214 3
1777 1154 1992 1215 tamen,
2021 1164 2096 1201 ne
2139 1146 2291 1221 apud
2321 1148 2390 1203 10
2420 1202 2424 1205 ,

306 1226 434 1283 illos
493 1244 587 1283 me
644 1224 704 1283 in
758 1224 1042 1281 invidiam
1096 1243 1285 1294 voceS,
1328 1224 1472 1281 nihil
1516 1225 1589 1281 de
1631 1223 1767 1281 belli
1821 1243 2035 1300 genere
2077 1224 2288 1281 dicam.

305 1305 511 1362 Victor
552 1324 585 1361 e
626 1304 936 1361 Thessalia
993 1303 1368 1361 Brundisium
1429 1322 1565 1361 cum
1617 1303 1941 1379 legionibus
1989 1302 2288 1361 revertisti.

306 1382 399 1441 Ibi
447 1402 539 1457 me
580 1402 695 1441 non
735 1382 1039 1441 occidisti:
1096 1401 1372 1458 magnum
1414 1382 1801 1441 beneficium:
1843 1382 2094 1458 potuisse
2135 1382 2292 1439 enim

308 1462 503 1520 fateor.
584 1462 943 1537 Quanquam
996 1481 1168 1519 nemo
1208 1472 1331 1519 erat
1373 1481 1591 1532 eorum,
1634 1461 1731 1537 qui
1771 1470 1896 1518 tum
1937 1471 2131 1518 tecum
2174 1462 2294 1519 fue-

308 1552 461 1611 runt,
502 1540 600 1616 qui
654 1541 797 1598 mihi
838 1560 955 1598 non
996 1550 1260 1599 censeret
1310 1541 1472 1617 parci
1523 1551 1800 1617 oportere.
1884 1540 2082 1597 Tanta
2135 1540 2291 1597 enim
2322 1542 2390 1596 15

309 1629 397 1675 est
424 1620 633 1676 caritas
657 1620 877 1695 patriae,
907 1631 971 1677 ut
997 1620 1199 1677 vestris
1240 1620 1416 1676 etiam
1456 1619 1781 1695 legionibus
1821 1630 2057 1675 sanctus
2085 1638 2290 1691 essem,

309 1695 465 1771 quod
506 1716 632 1754 earn
676 1717 710 1755 a
747 1718 840 1757 me
881 1710 1164 1756 servatam
1191 1710 1318 1755 esse
1346 1698 1760 1755 meminissent.
1845 1698 1964 1754 Sed
1992 1697 2105 1768 fac,
2135 1698 2195 1754 id
2234 1709 2293 1755 te

312 1776 539 1833 dedisse
565 1776 725 1848 mihi,
754 1778 904 1853 quod
945 1798 1058 1835 non
1103 1777 1388 1848 ademisti,
1419 1796 1625 1852 meque
1667 1796 1702 1834 a
1741 1787 1799 1835 te
1839 1776 2054 1834 habere
2095 1777 2290 1849 vitam,

308 1854 445 1929 quia
473 1873 507 1911 a
534 1865 591 1913 te
618 1875 731 1913 non
758 1856 831 1914 sit
858 1867 1085 1933 erepta3
1128 1855 1372 1913 licuitne
1413 1856 1556 1913 mihi
1595 1875 1697 1931 per
1738 1865 1868 1913 tuas
1911 1856 2292 1947 contumelias

308 1933 419 1991 hoc
462 1934 805 1994 beneficium
846 1936 933 1993 sic
974 1933 1143 2007 tueri,
1174 1946 1238 1993 ut
1277 1935 1504 2007 tuebar,
1531 1935 1847 2012 praesertim
1889 1953 2026 1992 cum
2067 1945 2124 1992 te
2165 1936 2292 1993 haec
2318 1934 2390 1988 20

307 2012 636 2071 auditurum
665 2014 933 2073 videres?
2201 2044 2203 2049 ·

382 2092 581 2151 XXV.
649 2094 880 2152 Venisti
922 2092 1315 2165 Brundisium,
1345 2092 1408 2151 in
1448 2092 1637 2151 sinum
1667 2093 1898 2168 quidem
1941 2102 2000 2150 et
2041 2093 2099 2150 in
2139 2112 2293 2151 com-

302 2171 531 2262 plexum
594 2179 708 2229 tuae
768 2172 1039 2229 mimulae.
1120 2172 1289 2233 Quid
1336 2174 1467 2230 esti
1529 2192 1669 2229 num
1729 2172 2020 2229 mentior?
2087 2171 2290 2233 Quam

303 2251 576 2308 miserum
620 2260 709 2306 est
750 2251 809 2307 id
848 2270 1063 2325 negare
1100 2271 1215 2308 non
1242 2271 1430 2326 posse,
1461 2252 1611 2326 quod
1639 2251 1712 2307 sit
1739 2251 2131 2326 turpissimum
2160 2271 2294 2308 con-

303 2329 491 2386 fiteri!
565 2327 630 2384 Si
670 2337 729 2384 te
767 2328 1213 2416 municipiorum
1253 2348 1368 2385 non
1409 2329 1694 2405 pudebat3
1755 2349 1832 2385 ne
1873 2328 2128 2385 veterani
2169 2329 2293 2402 qui·
2319 2327 2390 2378 25

288 2407 437 2464 dem
478 2405 813 2462 exercitus?
879 2405 1037 2466 Quis
1076 2406 1231 2462 enim
1273 2406 1440 2463 miles
1482 2406 1608 2476 fuit,
1651 2407 1750 2480 qui
1796 2406 2092 2463 Brundisii
2134 2403 2292 2463 sslam

304 2503 419 2542 non
461 2483 708 2540 viderit?
750 2483 897 2558 quiS,
928 2483 1027 2557 qui
1067 2483 1360 2554 nescierit,
1389 2485 1614 2542 venisse
1655 2503 1785 2541 eam
1822 2483 1927 2541 tibi
1955 2495 2037 2542 tot
2064 2486 2288 2543 dierum

304 2563 458 2620 viam
512 2561 903 2638 gratulatum?
971 2562 1119 2636 quie,
1162 2563 1260 2637 qui
1316 2583 1434 2620 non
1488 2563 1814 2635 indoluerit,
1857 2571 1977 2620 tam
2031 2562 2159 2622 sero
2207 2584 2289 2674 se,

302 2660 477 2718 quem
506 2640 797 2698 hominem
826 2652 1059 2699 secutus
1088 2653 1257 2713 esset,
1288 2643 1683 2718 cognoscere?

382 2721 569 2778 Italiae
610 2739 807 2777 rursus
846 2721 1221 2796 percursati0,
1250 2722 1456 2778 eadem
1501 2721 1710 2779 comite
1739 2721 1952 2792 mima3
1997 2721 2057 2780 in
2085 2723 2290 2799 oppida
2317 2731 2389 2785 30

300 2801 549 2858 rnilitum
595 2799 846 2857 crudelis
886 2810 945 2857 et
986 2800 1196 2858 misera
1237 2799 1542 2871 deductio3
1592 2799 1652 2858 in
1679 2801 1838 2859 Urbe
1867 2801 2012 2872 auri,
2045 2803 2287 2892 argenti,

302 2876 668 2952 maximeque
711 2879 849 2950 vini,
881 2880 1033 2936 foeda
1074 2879 1332 2956 direptio.
1417 2880 1708 2951 Accessit,
1739 2889 1821 2952 ut,
1851 2881 2086 2938 Caesare
2128 2881 2290 2958 igna-

302 2979 384 3029 ro,
432 2957 597 3045 (cum
652 2956 749 3016 ille
795 2967 947 3016 esset
994 2959 1394 3048 Alexandriae)
1442 2959 1726 3018 beneficio
1781 2960 2096 3018 amicorum
2143 2962 2285 3036 ejuS,

300 3047 576 3113 magister
617 3036 875 3112 equitum
923 3037 1384 3095 constitueretur.
1469 3038 1626 3096 Tum
1671 3039 2037 3110 existimavit,
2080 3059 2142 3097 se
2185 3060 2290 3097 suo

296 3115 427 3191 jure
482 3133 616 3170 cum
672 3115 889 3191 Hippia
930 3115 1139 3186 vivere,
1182 3127 1239 3173 et
1292 3136 1470 3191 equos
1509 3117 1824 3194 vectigales
1868 3085 2073 3194 Sergio
2112 3119 2289 3176 mimo
2315 3123 2386 3176 35

302 3195 549 3250 tradere.
632 3192 790 3249 Tum
832 3193 942 3250 sibi
983 3215 1097 3252 non
1139 3196 1312 3266 hanc,
1342 3214 1517 3269 quam
1559 3216 1718 3254 nunc
1762 3195 1912 3253 male
1944 3207 2156 3266 tuetur,
2185 3199 2288 3254 sed

302 3270 387 3328 M.
418 3270 644 3328 Pisonis
685 3272 935 3343 domum,
966 3273 1065 3331 ubi
1107 3273 1412 3344 habitaret,
1443 3274 1678 3350 legerat.
1761 3275 1929 3336 Quid
1971 3295 2081 3352 ego
2123 3275 2286 3332 istius

302 3351 557 3421 decreta,
599 3350 735 3424 quid
778 3350 1025 3426 rapinas,
1056 3353 1193 3426 quid
1235 3353 1635 3410 haereditatum
1675 3353 2061 3449 possessiones
2101 3354 2285 3425 datae,

300 3430 439 3504 quid
484 3439 728 3504 ereptaS,
754 3429 1085 3504 proferam?
1144 3431 1410 3507 Cogebat
1449 3443 1714 3509 egestas,
1757 3430 1872 3506 quo
1915 3451 1978 3490 se
2020 3443 2284 3505 verteret,

298 3528 415 3566 non
471 3507 737 3565 habebat.
821 3507 1097 3566 Nondum
1142 3510 1198 3566 ei
1245 3519 1408 3567 tanta
1453 3529 1486 3568 a
1538 3511 1606 3568 L.
1653 3511 1900 3582 Rubrio,
1957 3532 2072 3569 non
2129 3531 2163 3568 a
2215 3511 2282 3570 L.
2314 3511 2386 3566 40

299 3587 590 3657 Turselio,
640 3586 946 3644 haereditas
993 3599 1262 3645 venerat:
1324 3589 1582 3646 nondum
1638 3589 1696 3646 in
1756 3590 1866 3647 Cn.
1911 3591 2167 3666 Pompeii
2210 3591 2288 3649 lo-

299 3685 454 3736 cum,
496 3666 920 3739 multorumque
963 3665 1223 3736 aliorum,
1268 3667 1366 3742 qui
1415 3669 1672 3738 aberant,
1717 3669 2049 3757 repentinus
2103 3670 2287 3726 haeres

298 3755 675 3802 successerat.
759 3743 902 3801 Erat
956 3743 1012 3801 ei
1066 3744 1372 3802 vivendum
1427 3747 1712 3804 latronum
1761 3747 1895 3819 ritu,
1944 3757 2008 3822 ut
2060 3759 2285 3805 tantum

302 3823 866 3957 haberet‚quant1;151
894 3841 1095 3898 rapere
1122 3823 1414 3899 potuisset.

393 3930 397 3934 ’
1823 3929 1855 3958 ae
