2698 4492
774 260 1047 312 ORATIO
1091 261 1231 310 PRO
1273 261 1351 310 M.
1395 259 1813 311 MARCELLO.
2310 259 2391 318 65

314 403 529 476 dicam,
547 423 664 461 non
691 404 930 480 perinde
949 404 1203 480 ‘intelligi
1231 405 1429 461 auditu
1455 404 1653 480 possit,
1678 412 1847 500 atque
1876 403 1997 480 ipse
2024 401 2319 484 cogitans⁸

317 483 518 541 sentio,
604 482 796 558 Ipsam
840 483 1138 540 victoriam
1179 482 1387 540 vicisse
1427 483 1657 553 videriS,
1713 501 1849 539 cum
1890 500 1981 552 ea,
2022 501 2149 557 quae
2191 481 2290 538 illa

314 575 438 618 erat
467 562 692 636 adepta,
720 561 890 618 victis
915 560 1202 619 remisisti.
1287 561 1463 633 Nam,
1492 559 1631 619 cum
1659 561 1839 636 ipsius
1865 560 2119 618 victoriae
2147 579 2287 617 con-

317 639 535 698 ditione
555 640 686 716 jure
711 659 914 698 omnes
938 640 1077 696 victi
1104 639 1541 709 occidissemus,
1580 639 1903 696 clementiae
1928 649 2043 696 tuae
2065 638 2289 714 judicio

318 719 638 776 conservati
667 737 882 776 sumuS.
965 716 1158 775 Recte
1179 718 1351 793 igitur
1374 737 1524 775 unus
1542 718 1793 775 invictus
1814 737 1897 788 ee,
1923 736 2086 793 aquo
2110 717 2286 774 etiam
2348 720 2387 772 5

317 797 497 872 ipsius
525 797 778 854 victoriae
807 795 1064 854 conditio
1091 795 1287 870 visque
1315 796 1543 852 devicta
1569 806 1672 854 est.

397 875 471 931 V.
514 874 710 948 Atque
765 876 878 932 hoc
935 874 1004 931 C.
1047 873 1298 931 Caesaris
1344 873 1651 948 judicium,
1692 872 1895 930 Patres
1935 872 2285 950 Conscripti,

317 971 488 1027 quarn
531 951 648 1008 late
688 961 904 1028 pateat,
933 952 1250 1014 attendite:
1291 969 1493 1029 omnes
1532 951 1708 1020 enim,
1738 951 1835 1025 qui
1877 950 1949 1006 ad
1990 951 2087 1008 illa
2130 971 2289 1009 arma

322 1031 440 1086 fato
479 1048 678 1086 sumus
717 1030 916 1088 nescio
955 1049 1066 1104 quo
1107 1030 1441 1105 reipublicae
1495 1030 1703 1086 misero
1744 1029 2081 1103 funestoque
2134 1049 2290 1086 com-

319 1107 490 1182 pulsi,
533 1106 642 1163 etsi
684 1107 872 1183 aliqua
927 1109 1097 1184 culpa
1138 1119 1403 1166 tenemur
1443 1108 1649 1164 erroris
1692 1105 1949 1177 humani,
1998 1125 2031 1162 a
2071 1108 2287 1165 scelere
2319 1107 2387 1160 10

319 1183 479 1242 certe
523 1185 749 1242 liberati
797 1205 1010 1244 sumuS.
1091 1186 1268 1256 Nam,
1299 1183 1433 1244 cum
1464 1185 1548 1243 Μ.
1580 1185 1944 1255 Marcellum,
1974 1185 2289 1261 deprecan-

319 1263 472 1320 tibus
499 1264 677 1335 vobiS,
705 1264 1040 1339 reipublicae
1081 1265 1475 1334 conservavit;
1520 1273 1734 1321 memet
1781 1264 1943 1334 mihi,
1972 1273 2031 1320 et
2079 1265 2285 1321 iterum

317 1341 672 1417 reipublicae,
721 1343 880 1400 nullo
919 1343 1288 1418 deprecante,
1331 1343 1579 1418 reliquos
1622 1343 2000 1419 amplissimos
2042 1343 2189 1400 viros
2228 1353 2287 1400 et

317 1421 426 1478 sibi
455 1420 592 1496 ipsis
619 1433 677 1478 et
703 1421 920 1496 patriae,
951 1422 1236 1479 reddidit:
1278 1441 1518 1498 quorum
1546 1431 1604 1478 et
1648 1421 2023 1496 frequentiam
2064 1432 2123 1478 et
2164 1421 2287 1498 dig-

319 1499 554 1556 nitatem
585 1500 696 1557 hoc
726 1500 848 1575 ipso
875 1500 934 1557 in
963 1519 1238 1558 consessu
1265 1501 1489 1558 videtis.
1572 1500 1711 1557 Non
1729 1501 1823 1557 ille
1847 1501 2039 1557 hostes
2060 1499 2286 1557 induxit
2316 1503 2385 1556 15

318 1576 377 1634 in
408 1577 666 1647 curiam3
709 1578 811 1634 sed
847 1577 1148 1653 judicavit,
1179 1598 1213 1636 a
1251 1579 1559 1655 plerisque,
1590 1579 1947 1655 ignoratione
1988 1576 2199 1654 potius,
2227 1590 2288 1636 et

320 1654 462 1712 falso
491 1665 656 1730 atque
684 1655 844 1713 inani
874 1669 1050 1730 metu,
1076 1655 1248 1732 quam
1277 1657 1593 1732 cupiditate
1626 1666 1723 1714 aut
1765 1656 2127 1727 crudelitate,
2170 1656 2289 1713 bel-

319 1732 443 1791 lum
471 1753 596 1790 esse
625 1745 971 1810 susceptum.
1053 1736 1195 1798 Quo
1221 1736 1452 1811 quidem
1484 1736 1542 1793 in
1572 1735 1723 1793 bello
1760 1753 1986 1810 semper
2025 1734 2099 1790 de
2140 1752 2287 1810 pace

323 1812 672 1870 audiendum
698 1814 932 1889 putavi3
975 1833 1310 1890 semperque
1354 1815 1531 1885 dolui,
1561 1833 1675 1871 non
1719 1811 1889 1871 modo
1918 1831 2143 1888 pacem,
2186 1812 2287 1870 sed

317 1891 634 1948 orationem
699 1892 874 1948 etiam
941 1893 1176 1964 civium,
1243 1911 1447 1968 pacem
1510 1892 1911 1974 flagitantium,
1980 1890 2284 1967 repudiari.
2314 1901 2387 1955 20

318 1968 526 2043 Neque
553 1970 708 2026 enim
735 1989 844 2046 ego
885 1970 1002 2042 illa,
1031 1990 1143 2029 nec
1191 1971 1308 2028 ulla
1351 1990 1625 2047 unquam,
1674 1983 1909 2029 secutus
1958 1989 2083 2028 sum
2129 1989 2289 2027 arma

319 2048 548 2118 civilia3
592 2068 927 2124 semperque
975 2069 1105 2108 mea
1147 2051 1391 2108 consilia
1432 2051 1597 2128 pacis
1646 2060 1705 2107 et
1744 2060 1893 2126 togae
1947 2049 2126 2120 socia,
2168 2068 2285 2106 non

320 2127 650 2202 belli-atque
681 2145 985 2199 armorum,
1018 2129 1264 2188 fuerunt.
1347 2130 1663 2188 Hominem
1692 2148 1817 2186 sum
1846 2137 2081 2185 secutus
2106 2127 2291 2202 priva-

319 2213 378 2263 to
415 2205 624 2277 officio,
674 2225 789 2264 non
833 2207 1098 2283 publico:
1161 2217 1497 2285 tantumque
1552 2207 1703 2285 apud
1756 2226 1850 2265 me
1904 2206 2053 2283 grati
2110 2204 2288 2263 animi

321 2284 506 2341 fidelis
531 2285 810 2343 memoria
835 2286 1031 2357 valuit,
1061 2296 1124 2343 ut
1151 2287 1330 2357 nulla,
1361 2307 1475 2345 non
1518 2285 1689 2343 modo
1719 2285 2055 2360 cupiditate,
2084 2285 2184 2340 sed
2212 2302 2287 2341 ne
2314 2292 2387 2346 25

319 2382 420 2438 spe
460 2364 711 2438 quidem,
741 2365 991 2439 prudens
1039 2373 1098 2425 et
1137 2366 1348 2436 scienS,
1394 2375 1666 2440 tanquam
1710 2364 1781 2420 ad
1829 2362 2122 2419 interitum
2163 2381 2291 2423 rue-

319 2458 440 2499 rem
469 2442 868 2499 voluntarium.
1093 2443 1101 2450 ”
1602 2474 1607 2477 -

395 2520 576 2581 Quod
629 2520 862 2595 quidem
915 2540 1110 2579 meum
1162 2521 1467 2579 consilium
1524 2517 1763 2578 minime
1805 2520 2115 2578 obscurum
2159 2517 2285 2575 fuit.

319 2597 474 2655 Nam
503 2610 562 2656 et
589 2600 648 2655 in
677 2600 788 2657 hoc
815 2600 1293 2678 ordinm-integra
1335 2598 1417 2671 re,
1447 2601 1627 2659 multa
1666 2599 1739 2657 de
1766 2617 1912 2675 pace
1940 2597 2058 2655 dixi
2084 2616 2098 2655 :
2140 2609 2199 2655 et
2228 2597 2286 2653 in

320 2676 448 2753 ipso
472 2677 622 2735 bello
649 2674 1070 2750 eadem,'etiam
1103 2700 1235 2738 cum
1267 2680 1472 2756 capitis
1499 2679 1613 2737 mei
1634 2678 1911 2755 periculo,
1942 2676 2115 2734 sensi.
2198 2676 2289 2733 Ex
2314 2684 2387 2737 30

319 2774 432 2830 quo
453 2755 572 2832 jam
603 2775 772 2814 nemo
798 2758 908 2814 erit
935 2768 1050 2816 tam
1081 2758 1326 2835 injustus
1353 2778 1543 2817 rerum
1590 2756 2015 2836 [existimator,]
2046 2755 2145 2831 qui
2187 2756 2290 2813 du-

320 2833 481 2904 bitet,
509 2854 635 2909 quae
665 2835 913 2893 Caesaris
939 2839 1202 2895 voluntas
1244 2838 1316 2895 de
1365 2839 1515 2896 bello
1558 2837 1746 2907 fuerit,
1778 2834 1911 2895 cum
1949 2836 2113 2911 pacis
2155 2854 2291 2892 auc-

318 2920 472 2969 tores
519 2916 945 2973 conservandos
987 2917 1178 2974 statim
1227 2917 1540 2987 censuerit,
1586 2914 1811 2973 caeteris
1858 2914 2029 2972 suerit
2072 2914 2284 2971 iratior.

320 2991 514 3066 Atque
533 2991 590 3047 id
613 2990 808 3049 minus
830 2994 1034 3051 mirum
1059 2995 1298 3053 fortasse
1319 3006 1463 3067 tum,
1482 2993 1618 3053 cum
1640 3004 1794 3051 esset
1810 2994 2063 3051 incertus
2079 2992 2285 3063 exitus,

319 3079 378 3125 et
395 3088 610 3145 anceps
631 3070 858 3130 fortuna
890 3072 1059 3131 belli:
1086 3074 1183 3149 qui
1213 3073 1369 3145 vero,
1388 3076 1587 3143 victor,
1609 3073 1773 3150 pacis
1793 3082 2058 3129 auctores
2078 3069 2285 3145 diligit,
2314 3080 2387 3133 35

321 3146 369 3205 is
389 3146 646 3224 profecto
669 3150 946 3222 declarat,
965 3171 1027 3209 se
1049 3154 1320 3212 maluisse
1342 3174 1460 3211 non
1478 3152 1776 3221 dimicare,
1794 3148 1965 3225 quam
1994 3149 2244 3206 vincere.

360 3225 504 3284 'VL
575 3227 767 3304 Atque
819 3228 990 3305 hujus
1035 3232 1268 3307 quidem
1319 3233 1407 3290 rei
1460 3230 1544 3287 M.
1590 3224 1873 3287 Marcello
1924 3247 2052 3284 sum
2106 3226 2285 3283 testis.

318 3302 527 3362 Nostri
545 3306 702 3363 enim
751 3327 975 3381 sensus,
1005 3310 1174 3381 utin
1217 3330 1365 3387 pace
1409 3327 1654 3383 semper,
1699 3307 1785 3364 sic
1828 3315 1951 3363 tum
2000 3304 2176 3362 etiam
2226 3303 2287 3361 in

319 3382 470 3441 bello
497 3386 910 3461 congruebant.
991 3387 1242 3449 Quoties
1267 3408 1379 3465 ego
1404 3406 1558 3457 eum,
1586 3395 1644 3443 et
1670 3394 1883 3461 quanto
1910 3402 2044 3441 cum
2071 3382 2286 3453 dolore,

317 3462 456 3533 vidi,
485 3462 623 3521 cum
655 3464 1020 3523 insolentiam
1070 3477 1358 3526 certorum
1396 3466 1715 3535 hominum,
1743 3475 1865 3522 tum
1904 3462 2079 3520 etiam
2109 3461 2287 3538 ipsius
2314 3459 2385 3513 40

317 3540 574 3599 victoriae
603 3542 980 3615 ferocitatem,
1007 3547 1481 3603 extimescentem
1507 3544 1521 3602 !
1603 3542 1747 3605 Quo
1774 3541 1989 3619 gratior
2014 3551 2117 3600 tua
2142 3540 2286 3599 libe-

317 3619 533 3691 ralitas,
563 3620 632 3677 C.
663 3621 880 3695 Caesar,
908 3623 1094 3695 nobiS,
1121 3624 1220 3700 qui
1263 3625 1363 3683 illa
1390 3623 1655 3693 vidimus,
1704 3622 1877 3681 debet
1922 3640 2066 3679 esse.
2148 3618 2287 3677 Non

317 3698 475 3754 enim
518 3698 638 3773 jam
679 3719 870 3758 causae
914 3711 1050 3759 sunt
1096 3704 1245 3762 inter
1287 3722 1371 3775 se,
1400 3702 1502 3760 sed
1546 3702 1819 3773 victoriae,
1864 3699 2285 3777 comparandae.

320 3776 588 3835 Vidimus
615 3788 773 3836 tuam
793 3780 1100 3913 ἔίἓῐοτίαῐη
1128 3782 1457 3858 proeliorum
1478 3780 1636 3841 exitu
1663 3780 2027 3840 terminatam
2052 3798 2067 3836 :
2108 3775 2290 3855 gladi-
