2698 4492
339 301 420 358 34
883 298 1155 349 ORATIO
1196 299 1290 349 lv,
1333 299 1411 350 IN
1455 300 1518 350 L.
1552 300 1975 351 CATILINAM.

439 460 631 517 quam,
657 441 942 513 Quirites,
969 440 1114 498 mihi
1141 441 1373 517 quidem
1394 443 1501 519 ipsi
1522 443 1663 501 nihil
1688 442 1807 519 jam
1839 443 1912 500 ab
1940 442 2065 501 istis
2090 443 2285 502 noceri
2313 465 2410 521 po-

439 530 582 578 test:
624 539 900 597 magnum
941 519 1098 577 enim
1139 530 1228 577 est
1267 520 1329 577 in
1372 521 1537 579 bonis
1576 520 1924 597 praesidium,
1970 522 2122 596 quod
2165 523 2306 579 mihi
2348 524 2408 581 in

438 607 776 674 perpetuum
804 606 1194 674 comparatum
1221 610 1308 655 est
1323 619 1339 668 3
1382 618 1595 676 magna
1610 608 1697 656 est
1724 599 1784 656 in
1812 601 2109 676 republica
2138 601 2407 677 dignitas,

442 695 568 751 quae
596 695 689 734 me
717 695 938 752 semper
965 675 1145 733 tacita
1171 676 1474 734 defendet:
1517 696 1730 753 magna
1770 677 1856 734 vis
1898 690 1986 736 est
2018 678 2407 749 conscientiae,

376 759 413 812 5
440 773 614 889 guam
643 754 741 829 qui
786 754 1101 832 negligent,
1140 752 1276 812 cum
1321 772 1417 812 me
1443 754 1653 813 violare
1696 754 1906 827 volent,
1934 775 1997 813 se
2044 756 2151 832 ipsi
2194 756 2413 814 indica-

481 842 599 890 unt.

519 910 624 968 Est
650 910 826 968 etiam
853 910 914 969 in
929 909 1096 968 nobis
1123 909 1172 968 is
1201 909 1447 982 animus,
1461 910 1747 982 Quirites,
1766 921 1830 968 ut
1856 930 1971 970 non
1996 910 2170 969 modo
2198 911 2411 970 nullius

441 989 700 1047 audaciae
743 989 1038 1059 cedamus,
1083 989 1184 1046 sed
1227 989 1403 1046 etiam
1444 1008 1645 1047 omnes
1688 989 1971 1065 improbos
2013 989 2163 1048 ultro
2188 1009 2411 1065 semper

440 1067 806 1125 lacessamus,
886 1064 1072 1127 Quod
1099 1068 1148 1123 si
1173 1066 1361 1124 omnis
1400 1066 1645 1142 impetus
1672 1067 2115 1125 domesticorum
2142 1068 2409 1139 hostiurn,

345 1146 412 1199 10
439 1146 709 1222 depulsus
737 1165 773 1202 a
797 1145 976 1216 vobiS,
1004 1165 1068 1202 se
1095 1144 1155 1202 in
1183 1163 1275 1201 me
1304 1163 1485 1201 unum
1532 1145 1906 1215 converterit3
1948 1145 2108 1203 vobis
2154 1145 2264 1204 erit
2288 1166 2412 1222 pro-

437 1223 769 1294 videndum,
795 1222 1080 1292 Quirites,
1106 1222 1220 1296 qua
1263 1222 1591 1280 conditione
1632 1224 1871 1298 posthac
1912 1243 2011 1280 eos
2052 1243 2178 1280 esse
2204 1224 2409 1296 velitis,

441 1301 538 1375 qui
567 1321 648 1372 se,
676 1321 779 1377 pro
806 1301 989 1358 salute
1021 1299 1227 1372 vestra,
1254 1299 1566 1357 obtulerint
1606 1301 1834 1358 invidiae
1873 1301 2256 1377 periculisque
2295 1322 2413 1361 om-

439 1379 627 1436 nibus,
710 1377 863 1435 Mihi
891 1378 1124 1452 quidem
1147 1377 1271 1453 ipsi,
1293 1377 1433 1451 quid
1460 1388 1565 1449 est,
1588 1379 1739 1452 quod
1761 1378 1881 1453 jam
1904 1379 1976 1436 ad
2004 1379 2133 1446 vitae
2161 1380 2411 1438 fructum

437 1457 615 1532 possit
643 1455 883 1531 acquiri,
910 1455 1223 1531 praesertim
1251 1453 1390 1512 cum
1417 1475 1605 1531 neque
1632 1456 1693 1513 in
1740 1457 1953 1515 honore
1989 1467 2193 1528 vestro,
2221 1477 2412 1533 neque

346 1531 414 1583 15
441 1535 502 1591 in
529 1534 711 1610 gloria
739 1533 981 1605 virtutis,
1010 1534 1322 1610 quidquam
1349 1534 1576 1591 videam
1618 1534 1808 1604 altius,
1837 1534 1951 1609 quo
1994 1535 2227 1608 quidem
2267 1537 2411 1594 mihi

439 1613 617 1670 libeat
645 1613 996 1670 ascendere?
1078 1610 1232 1669 Illud
1272 1612 1567 1688 perficiam
1613 1611 1889 1689 profecto,
1916 1612 2201 1685 Quirites,
2230 1623 2293 1670 ut
2318 1634 2409 1687 ea,

441 1710 566 1766 quae
594 1691 746 1767 gessi
774 1690 834 1748 in
877 1689 1197 1761 consulam,
1239 1690 1495 1767 privatus
1539 1700 1702 1749 tuear
1752 1700 1921 1765 atque
1962 1710 2193 1762 ornem3
2236 1703 2318 1763 ut,
2360 1693 2412 1751 si

439 1788 554 1844 qua
579 1779 669 1827 est
695 1769 912 1826 invidia
938 1769 999 1827 in
1027 1769 1418 1826 conservanda
1439 1768 1734 1844 republica
1762 1783 2046 1845 suscepta,
2072 1770 2244 1828 laedat
2270 1771 2412 1830 invi-

439 1849 561 1920 dos,
590 1848 733 1906 mihi
773 1847 961 1906 valeat
1001 1849 1075 1904 ad
1114 1847 1372 1924 gloriam.
1453 1846 1723 1921 Denique
1771 1847 1853 1905 ita
1892 1866 1985 1904 me
2027 1848 2085 1905 in
2114 1849 2411 1924 republica

340 1929 412 1984 20
439 1927 717 1997 tractabo,
745 1936 810 1983 ut
835 1925 1196 1984 meminerim
1229 1944 1451 2000 semper
1478 1943 1605 1998 quae
1646 1924 1941 2000 gesserim,
1971 1945 2305 2001 curemque,
2346 1937 2411 1985 ut

439 2023 511 2062 ea
537 2004 762 2074 virtute,
791 2023 906 2062 non
934 2023 1092 2074 casu,
1122 2012 1285 2080 gesta
1310 2022 1437 2060 esse
1464 2003 1782 2060 videantur.

516 2082 656 2152 Vos,
683 2081 968 2152 Quirites,
998 2081 1268 2154 quoniam
1290 2080 1411 2156 jam
1452 2100 1563 2138 nox
1604 2090 1710 2152 est,
1741 2081 2095 2141 veneramini
2123 2082 2284 2139 illum
2312 2082 2405 2141 Jo-

441 2178 590 2231 vem,
621 2161 913 2218 custodem
944 2159 1112 2236 hujus
1139 2159 1296 2216 urbis
1326 2178 1397 2216 ac
1424 2159 1710 2230 vestrfim3
1756 2169 1925 2234 atque
1953 2160 2013 2217 in
2040 2170 2227 2217 vestra
2252 2170 2410 2220 tecta

441 2237 754 2297 discedite:
822 2249 880 2297 et
925 2258 1014 2310 ea,
1057 2257 1385 2313 quanquam
1423 2237 1543 2313 jam
1584 2238 1903 2316 periculum
1948 2249 2035 2297 est
2087 2238 2406 2316 depulsum,

335 2318 408 2373 25
439 2327 653 2389 tamen,
683 2315 845 2393 teque
889 2336 959 2375 ac
997 2317 1170 2393 priori
1211 2327 1401 2388 nocte,
1431 2318 1705 2375 custodiis
1744 2316 2069 2393 vigiliisque
2096 2319 2405 2377 defendite.

438 2394 509 2452 Id
537 2416 611 2454 ne
637 2396 796 2455 vobis
823 2394 1040 2454 diutius
1081 2396 1412 2453 faciendum
1452 2396 1545 2467 sit,
1575 2402 1745 2471 atque
1786 2405 1850 2454 ut
1878 2396 1937 2454 in
1962 2396 2236 2473 perpetua
2262 2415 2408 2472 pace

437 2493 562 2532 esse
587 2474 831 2553 possitis,
855 2475 1182 2551 provideb0,
1207 2473 1490 2536 Quirites.

1082 2857 1542 2939 ORATIO
1613 2858 1753 2938 IV.

1391 3059 1445 3093 11(

908 3199 1020 3274 L.
1094 3199 1919 3276 CATILINAM.

518 3496 563 3554 Ι.
605 3496 832 3568 Vince,
861 3497 1063 3555 Patres
1102 3496 1454 3575 Conscripti,
1484 3497 1545 3554 in
1584 3514 1678 3554 me
1716 3494 1973 3555 omnium
2013 3493 2265 3557 vestrum
2303 3513 2423 3555 ora.

343 3634 352 3641 ,
437 3584 607 3648 atque
632 3573 828 3632 oculos
854 3593 980 3633 esse
1007 3594 1340 3634 conversos:
1383 3576 1566 3645 video,
1594 3594 1713 3643 vos,
1740 3594 1855 3632 non
1894 3570 2079 3632 solum
2118 3574 2192 3630 de
2219 3582 2409 3631 vestro

333 3660 406 3716 30
438 3670 509 3709 ac
535 3651 884 3727 reipublicae,
913 3651 1110 3710 verum
1137 3654 1312 3711 etiam
1345 3654 1421 3729 (si
1450 3654 1509 3710 id
1537 3653 1836 3728 depulsum
1864 3652 1963 3729 sit)
2004 3653 2077 3709 de
2104 3670 2233 3707 meo
2258 3651 2410 3726 peri-

437 3730 570 3787 culo
596 3749 722 3787 esse
749 3730 1036 3788 sollicitos.
1118 3732 1225 3789 Est
1251 3732 1415 3789 mihi·
1432 3731 1689 3806 jucunda
1733 3730 1793 3788 in
1840 3730 2026 3800 maliS‚
2054 3739 2113 3787 et
2139 3738 2303 3805 grata
2343 3730 2408 3787 in

437 3808 648 3880 dolore,
680 3819 866 3866 vestra
892 3828 1030 3886 erga
1055 3827 1149 3867 me
1176 3810 1469 3869 voluntas:
1510 3808 1612 3865 sed
1652 3827 1781 3867 eam
1826 3808 1952 3886 (per
1992 3808 2150 3867 Deos
2176 3806 2411 3866 immor-

2102 4018 2133 4043 ἱ
