2698 4492
753 235 1026 286 ORATIO
1068 235 1209 285 PRO
1251 234 1448 285 LEGE
1492 232 1654 284 MAN
1656 231 1824 282 1L1A.
2295 229 2378 290 43

302 397 373 437 ac
402 378 563 451 tbcis,
592 379 665 437 de
693 378 843 438 fanis
870 398 941 438 ac
966 377 1213 454 templis,
1235 378 1307 436 de
1334 377 1510 437 totius
1537 377 1696 435 urbis
1721 372 1894 434 tectis
1921 391 1991 432 ac
2019 371 2272 443 sedibus,

300 459 376 515 de
405 458 661 534 imperio,
690 460 762 516 de
790 453 1076 528 libertate,
1105 456 1179 514 de
1218 457 1402 514 salute
1443 456 1648 526 Italiae,
1675 457 1864 529 deque
1891 451 2158 510 universa
2187 469 2276 509 re-

300 536 555 612 publica,
585 536 879 594 decernite
918 535 1246 612 diligenter,
1274 545 1338 592 ut
1365 533 1709 605 instituistis,
1739 552 1810 591 ac
1836 531 2072 590 fortiter.
2153 530 2276 588 Ha-

301 613 451 672 betis
479 615 635 673 enim
662 634 796 672 eum
824 614 1141 684 consulem,
1168 613 1267 688 qui
1306 623 1366 670 et
1402 632 1604 689 parere
1643 611 1846 670 vestris
1884 607 2134 668 decretis
2159 627 2276 667 non

300 693 547 764 dubitet,
574 703 634 750 et
672 711 763 764 ea,
790 711 917 767 quae
958 691 1291 763 statueritis,
1318 691 1508 766 quoad
1535 691 1701 761 vivet,
1732 689 2063 759 defendere,
2091 697 2152 746 et
2174 705 2276 764 per
2345 676 2382 730 5

301 791 367 830 se
395 771 582 848 ipsum
606 781 897 848 praestare,
922 769 1117 846 possit.
1218 813 1224 820 .

1069 1171 1530 1254 ORATIO

478 1389 765 1466 PRO
868 1380 1269 1467 LEGE
1373 1389 2100 1468 MANILIA.

390 1695 436 1752 1.
516 1694 885 1760 QUANQUAM
938 1693 1081 1752 mihi
1135 1713 1360 1769 semper
1413 1694 1681 1770 frequens
1721 1705 2062 1770 conspectus
2101 1704 2285 1752 vester

310 1772 491 1832 multo
514 1774 987 1850 jucundissimus,
1016 1773 1115 1831 hic
1144 1783 1335 1830 autem
1375 1772 1538 1831 locus
1579 1774 1654 1830 ad
1695 1774 1984 1850 agendum
2013 1773 2288 1849 amplissi-

311 1871 458 1924 mus,
504 1853 574 1910 ad
615 1852 928 1910 dicendum
973 1850 1371 1911 ornatissimus
1411 1861 1498 1909 est
1536 1851 1710 1924 visus,
1750 1851 2017 1913 Quirites
2033 1870 2048 1921 ;
2090 1862 2285 1909 tamen

310 1932 421 1990 hoc
463 1931 622 1988 aditu
660 1931 869 2001 laudis,
897 1931 996 2006 qui
1036 1948 1259 2005 semper
1298 1929 1516 2006 optimo
1555 1929 1764 2006 cuiq'ue
1791 1927 2042 1987 maxime
2081 1930 2284 2007 patuit,
2323 1941 2390 1995 10

308 2031 424 2068 non
465 2029 597 2068 mea
635 2029 728 2068 me
769 2011 1049 2080 voluntas,
1092 2009 1196 2066 sed
1249 2027 1394 2066 meae
1434 2008 1564 2066 vitas
1622 2011 1892 2081 rationeS‚
1937 2009 2010 2066 ab
2049 2008 2291 2067 ineunte'

311 2098 477 2146 aetate
506 2099 805 2165 susceptae‚
830 2088 1261 2164 prohibuerunt.
1344 2085 1406 2145 N
1411 2107 1504 2144 am
1526 2087 1662 2146 cum
1691 2099 1879 2159 antea,
1907 2107 2010 2163 per
2037 2098 2286 2160 aetatem,

312 2167 569 2224 nondum
610 2167 777 2241 hujus
819 2166 1219 2224 auctoritatem
1258 2166 1374 2224 loci
1416 2167 1697 2243 attingere
1727 2167 2035 2236 auderem3
2077 2176 2290 2224 statue-

282 2278 287 2281 ·
315 2263 569 2320 remque,
598 2243 741 2301 nihil
769 2245 905 2315 huc,
934 2244 1045 2302 nisi
1072 2243 1393 2319 perfectum
1433 2243 1685 2321 ingenio,
1713 2244 2069 2303 elaboratum
2096 2244 2290 2302 indus·

315 2321 447 2392 tria,
479 2320 669 2377 afferri
694 2331 983 2397 oportere3
1024 2324 1198 2379 omne
1219 2340 1415 2378 meum
1435 2331 1659 2397 tempus
1688 2322 2006 2379 amicorum
2025 2322 2290 2397 tempori·
2327 2332 2394 2385 15

318 2400 425 2457 bus
465 2399 967 2455 transmittendum
1025 2397 1239 2475 putavi.
1322 2397 1418 2454 Ita
1469 2418 1654 2474 neque
1708 2399 1807 2456 hic
1857 2399 2021 2456 locus
2073 2419 2291 2458 vacuus

318 2496 571 2555 unquam
594 2476 700 2534 fuit
730 2478 802 2534 ab
830 2477 901 2533 iis
926 2478 1025 2554 qui
1055 2486 1299 2533 vestram
1328 2494 1564 2533 causam
1594 2477 2000 2548 defenderent;
2043 2488 2102 2535 et
2128 2496 2291 2537 meus

313 2558 495 2629 labor,
525 2556 586 2615 in
626 2555 974 2631 privatorum
1012 2553 1288 2632 periculis
1329 2553 1489 2613 caste
1532 2554 1870 2633 integreque
1910 2566 2183 2627 versatus»,
2221 2577 2293 2615 ex

311 2645 501 2694 vestro
535 2634 757 2712 judicio
799 2636 1050 2692 fructum
1093 2644 1181 2691 est
1222 2632 1634 2709 amplissimum
1689 2645 2081 2693 consecutus..
2133 2636 2194 2693 N
2199 2656 2290 2695 am

312 2712 471 2785 cum,
498 2724 725 2791 propter
766 2713 1099 2772 dilationem
1142 2712 1522 2784 comitiorum,
1549 2723 1637 2773 ter
1675 2724 1880 2791 praetor
1913 2714 2129 2791 primus
2157 2736 2290 2774 cen·
2323 2721 2395 2775 20

310 2793 479 2853 turiis
519 2792 747 2851 cunctis
786 2792 1147 2850 renuntiatus
1186 2810 1333 2861 sum,
1378 2790 1548 2849 facil-e
1591 2792 1866 2865 intellexi,
1906 2794 2190 2867 Quirites,
2233 2804 2292 2853 et

309 2872 450 2951 quid
491 2872 564 2929 de
604 2890 698 2930 me
732 2870 1090 2947 judicarem,
1120 2879 1179 2927 et
1216 2869 1355 2946 quid
1395 2870 1520 2928 aliis
1545 2872 2006 2949 praescriberetis.
2088 2874 2289 2946 Nunc,

310 2950 453 3011 cum
480 2960 539 3008 et
567 2949 921 3009 auctoritatis
948 2950 1008 3007 in
1036 2968 1131 3007 me
1157 2958 1383 3006 tantum
1418 2948 1510 3022 sit,
1538 2960 1816 3027 quantum
1843 2972 1942 3010 vos
1981 2954 2293 3011 honoribus

310 3029 661 3088 mandandis
700 3048 825 3087 esse
867 3028 1141 3099 voluistis,
1170 3039 1229 3085 et
1269 3027 1342 3084 ad
1387 3031 1675 3105 agendum
1717 3030 2007 3089 facultatis
2045 3041 2290 3103 tantum,

308 3118 594 3187 quantum
621 3106 837 3164 homini
865 3105 1124 3183 vigilanti
1153 3126 1224 3164 ex
1252 3106 1463 3165 forensi
1503 3128 1611 3165 usu
1649 3107 1822 3185 prope
1852 3110 2186 3184 quotidiana
2209 3110 2294 3166 di·
2325 3112 2398 3165 25

310 3186 491 3248 cendi
518 3185 851 3244 exercitatio
888 3185 1072 3261 potuit
1100 3184 1337 3255 afferre;
1383 3185 1564 3259 certe,
1592 3197 1668 3257 et,
1699 3187 1747 3244 si
1774 3186 1912 3261 quid
1942 3187 2296 3250 auctoritatis

311 3269 373 3327 in
403 3284 501 3323 me
528 3274 633 3337 est,
662 3264 734 3327 εδ.
777 3264 927 3340 apud
968 3283 1067 3321 eos
1107 3273 1255 3334 utar,
1283 3263 1381 3338 qui
1423 3284 1552 3322 eam
1592 3264 1735 3321 mihi
1776 3263 2095 3333 dederunt3
2137 3274 2215 3334 et,
2245 3264 2294 3322 si

308 3344 456 3424 quid
498 3343 672 3401 etiam
711 3342 961 3401 dicendo
1008 3341 1280 3416 consequi
1332 3360 1584 3416 possum,
1626 3342 1698 3398 iis
1735 3342 2036 3398 ostendam
2075 3342 2296 3417 potissi-

312 3424 500 3494 mum,
530 3422 626 3497 qui
656 3421 710 3479 ei
736 3439 962 3497 quoque
988 3420 1074 3476 rei
1101 3419 1352 3476 fructum
1381 3438 1485 3477 suo
1505 3418 1728 3495 judicio
1766 3418 2136 3477 tribuendum
2169 3440 2294 3479 esse

312 3510 686 3563 censuerunt.
771 3500 965 3573 Atque
993 3497 1134 3554 illud
1163 3496 1222 3554 in
1247 3495 1447 3571 primis
1486 3496 1628 3553 mihi
1667 3497 1979 3555 laetandum
2013 3497 2142 3574 jure
2169 3518 2295 3560 esse
2327 3500 2400 3557 30

312 3584 505 3651 vide0,
534 3578 710 3656 quod,
741 3578 800 3636 in
834 3578 946 3635 hac
973 3574 1201 3633 insolita
1228 3572 1370 3630 mihi
1399 3594 1471 3632 ex
1499 3576 1609 3633 hoc
1635 3575 1764 3634 loco
1791 3577 2012 3635 ratione
2039 3578 2296 3651 dicendi,

314 3678 499 3721 causa
539 3657 685 3729 talis·
709 3657 903 3715 oblata
942 3664 1048 3726 est,
1091 3654 1151 3712 in
1191 3652 1305 3728 qua
1359 3653 1541 3711 oratio
1580 3653 1782 3714 deesse
1835 3654 2054 3714 nemini
2091 3667 2292 3732 potest.

316 3739 654 3803 Dicendum
708 3744 796 3793 est
848 3732 1002 3792 enim
1043 3734 1117 3791 de
1170 3733 1279 3791 Cn.
1323 3730 1583 3809 Pompeii
1643 3732 1922 3813 singulari
1969 3734 2298 3807 eximiaque
