2698 4492
705 293 978 343 ORATIO
1022 293 1162 342 PRO
1205 290 1401 341 LEGE
1445 291 1777 342 MANILIA.
2256 285 2333 346 61

263 437 472 514 quibus
511 436 936 494 conditionibus
985 435 1443 513 proficiscantur,
1486 435 1753 512 ignorant
1804 433 2075 492 videlicet
2123 429 2239 501 isti,

264 517 364 592 qui
407 515 478 572 ad
520 533 698 572 unum
741 515 1052 572 deferenda
1091 533 1218 571 esse
1257 515 1453 572 omnia
1491 534 1605 571 non
1648 513 2034 570 arbitrantur?
2076 508 2240 585 quasi

267 593 402 652 vero
446 593 553 650 Cn.
597 594 931 669 Pompeium
985 612 1120 663 non,
1163 590 1298 649 cum
1352 592 1471 650 suis
1523 593 1848 662 virtutibuS,
1888 603 2011 649 tum
2064 589 2241 646 etiam

271 672 474 731 alienis
499 671 672 742 vitiis,
701 690 975 748 magnum
1002 689 1129 728 esse
1156 671 1470 728 videamus,

347 750 572 820 Quare,
603 749 779 807 nolite
807 750 1091 818 dubitare,
1120 749 1260 824 quin
1289 749 1427 804 huic
1455 747 1557 804 uni
1598 748 1848 805 credatis
1886 747 2100 818 omnia,
2142 743 2240 820 qui
2303 753 2339 806 5

271 828 418 886 inter
451 846 628 885 annos
654 837 738 885 tot
776 847 926 884 unus
967 827 1233 884 inventus
1259 826 1354 896 sit,
1394 845 1563 900 quem
1613 827 1756 882 socii
1796 827 1857 883 in
1898 827 2081 882 urbes·
2109 842 2243 882 suas

273 912 408 964 cum
473 906 732 963 exercitu
783 905 1008 962 venisse
1059 905 1367 980 gaudeant.
1457 903 1643 964 Quod
1702 904 1749 960 si
1812 903 2244 961 auctoritatibus

274 986 429 1042 hanc
488 1002 743 1052 causam,
782 981 1068 1053 Quirites,
1123 981 1577 1040 confirmandam
1631 981 1877 1056 putatis;
1946 991 2035 1038 est
2086 981 2245 1037 vobis

277 1072 498 1131 auctor,
526 1060 611 1116 vir
655 1060 932 1117 bellorum
979 1060 1234 1118 omnium
1277 1059 1769 1132 maximarumque
1811 1077 2003 1116 rerum
2028 1058 2248 1135 peritis-

277 1140 476 1208 simus,
518 1139 580 1195 P.
625 1138 934 1208 Servilius;
995 1138 1160 1214 cujus
1212 1148 1386 1194 tantae
1439 1156 1532 1194 res
1569 1147 1745 1213 gestae
1784 1137 1936 1194 terra
1990 1136 2247 1210 marique
2277 1141 2346 1194 10

277 1216 632 1286 exstiterunt,
664 1226 745 1286 ut,
776 1214 911 1275 cum
941 1216 1012 1274 de
1040 1216 1190 1274 bello
1217 1215 1566 1286 deliberetiS,
1598 1225 1795 1273 auctor
1836 1215 1994 1273 vobis
2021 1215 2247 1291 gravior

277 1315 402 1352 esse
443 1313 612 1352 nemo
652 1294 894 1351 debeat:
938 1305 1024 1351 est
1063 1294 1132 1351 C.
1162 1294 1363 1364 Curio,
1405 1292 1645 1350 summis
1685 1294 1886 1352 vestris
1928 1292 2245 1362 beneficiiS,

275 1373 651 1446 maximisque
678 1373 851 1430 rebus
877 1373 1071 1448 gestis,
1101 1392 1324 1430 summo
1349 1371 1583 1448 ingenio
1623 1381 1680 1428 et
1706 1367 2009 1448 prudentia
2048 1369 2248 1448 praedi-

273 1461 399 1508 tus:
442 1461 529 1509 est
556 1451 666 1508 Cn.
696 1449 998 1522 Lentulus,
1028 1451 1088 1508 in
1116 1470 1228 1525 quo
1254 1470 1473 1521 omnes,
1500 1470 1603 1526 pro
1644 1450 2006 1527 amplissimis
2044 1449 2247 1508 vestris

276 1530 607 1600 honoribuS,
663 1548 948 1585 summum
1004 1530 1328 1600 consilium,
1384 1548 1666 1586 summam
1720 1529 2078 1605 gravitatem,
2120 1547 2246 1585 esse
2276 1533 2345 1587 15

277 1607 622 1684 cognoscitis
641 1617 800 1664 :··est
841 1608 910 1665 C.
956 1608 1213 1678 CassiuS,
1256 1607 1604 1684 integritate,
1644 1607 1870 1677 virtute,
1926 1606 2247 1664 constantia

278 1685 572 1762 singulari.
650 1685 876 1756 Quare,
919 1685 1126 1757 videte,
1169 1697 1251 1756 ut,
1281 1687 1483 1743 horum
1526 1685 1979 1756 auctoritatibus„
2022 1685 2249 1742 illorum

277 1763 520 1832 orationi
548 1763 645 1837 qui
673 1763 1035 1835 dissentiunt,
1063 1765 1593 1840 respondere'posse
1622 1763 1931 1820 videamur.
2000 1796 2007 1802 ·

358 1841 591 1899 XXIV.
666 1841 819 1903 Quae
880 1841 1016 1900 cum
1077 1843 1158 1900 ita
1197 1843 1331 1913 sint,
1375 1842 1443 1899 C.
1490 1841 1718 1912 Manili,
1772 1840 2023 1918 primum
2079 1840 2249 1898 istam

279 1929 437 1977 tuam
467 1931 525 1977 et
550 1920 758 1996 legem,
787 1931 845 1979 et
872 1922 1241 1993 voluntatem,
1270 1931 1328 1979 et
1356 1921 1700 1978 sententiam
1728 1921 1919 1992 laudo,
1948 1919 2251 1977 vehemen-
2276 1919 2349 1973 20
2372 1927 2377 1931 “

277 1997 612 2074 tissimeque
653 2001 991 2075 comprobo:
1033 2000 1244 2058 deinde
1283 2010 1342 2058 te
1382 2001 1591 2070 hortor,
1634 2008 1718 2070 ut,
1762 2009 1995 2058 auctore
2045 1998 2251 2075 populo

279 2077 567 2147 RomanO,
596 2095 833 2153 maneas
861 2077 920 2136 in
949 2079 1254 2149 sententia,
1283 2099 1429 2137 neve
1470 2079 1809 2155 cujusquam
1849 2079 1966 2135 vim
2008 2087 2107 2134 aut
2146 2076 2251 2133 mi-

279 2175 384 2214 nas
423 2155 810 2232 pertimescas
909 2156 1188 2228 Primum,
1233 2158 1292 2215 in
1333 2169 1391 2216 te
1432 2157 1572 2214 satis
1611 2176 1737 2214 esse
1782 2156 1959 2214 animi
1996 2173 2255 2233 perseve-

279 2234 591 2310 rantiaeque
634 2233 907 2293 arbitror:
949 2235 1180 2307 deinde,
1211 2234 1347 2293 cum
1388 2248 1608 2294 tantam
1648 2235 2076 2293 multitudinem
2118 2252 2253 2293 cum

279 2322 438 2372 tanto
496 2314 685 2371 studio
745 2314 946 2371 adesse
1002 2314 1316 2385 videamuS,
1372 2324 1647 2389 quantum
1708 2332 1866 2370 nunc
1926 2314 2132 2370 iterum
2193 2313 2253 2369 in
2279 2316 2352 2371 ‘25

279 2394 482 2450 eodem
522 2391 752 2449 homine
792 2392 1160 2469 praeficien'do
1199 2392 1496 2461 videmus;
1540 2392 1679 2466 quid
1720 2401 1826 2462 est,
1855 2390 2011 2465 quod
2041 2400 2140 2447 aut
2180 2392 2253 2447 de

282 2490 362 2541 re,
407 2480 504 2527 aut
543 2472 616 2527 de
655 2470 994 2545 perficiendi
1035 2471 1326 2540 facultate,
1385 2470 1754 2527 dubitemus?
1853 2468 1981 2546 Ego
2042 2480 2254 2539 autem,

280 2548 558 2623 quidquid
587 2548 646 2605 in
688 2568 781 2606 me
823 2558 910 2607 est
949 2549 1144 2620 studii,
1175 2549 1420 2619 consilii,
1448 2548 1678 2618 laboriS‚
1709 2547 1947 2625 ingenii,
1978 2547 2255 2622 quidquid

261 2625 390 2684 ‘hoc
420 2624 702 2685 beneficio
727 2628 919 2703 populi
959 2628 1234 2699 Romani,
1281 2636 1452 2701 atque
1499 2628 1611 2684 hac
1650 2637 1929 2703 potestate
1972 2626 2254 2704 praetoria,

280 2704 559 2779 quidquid
603 2706 960 2777 auctoritate,
1002 2707 1135 2777 fide,
1179 2705 1500 2765 constantia
1539 2725 1801 2782 possum3
1846 2705 1905 2763 id
1950 2724 2139 2776 omne,
2184 2706 2255 2763 ad
2282 2706 2355 2760 30

281 2784 434 2841 hanc
462 2802 582 2841 rem
625 2783 1064 2857 conficiendam,
1093 2785 1199 2843 tibi
1239 2795 1298 2843 et
1334 2786 1543 2863 populo
1581 2784 1850 2843 Romano
1888 2785 2157 2861 polliceor
2198 2796 2257 2842 et

281 2862 492 2919 desero.
543 2934 546 2937 Α
602 2862 925 2937 Testorque
967 2883 1168 2922 omnes
1215 2864 1394 2935 Deos,
1442 2874 1501 2921 et
1545 2884 1643 2922 eos
1683 2864 1932 2922 maxime
1976 2864 2075 2939 qui
2117 2864 2256 2920 huic

281 2940 410 2998 loco
451 2940 776 3016 temploque
821 2942 1148 3018 praesident,
1193 2942 1292 3017 qui
1317 2943 1589 3001 omnium
1630 2953 1855 3000 mentes
1895 2961 2113 3012 eorum,
2157 2941 2256 3015 qui

284 3020 357 3075 ad
386 3037 508 3075 rem
533 3018 826 3093 publicam
856 3021 1088 3092 adeunt,
1109 3020 1357 3079 maxime
1387 3020 1759 3098 perspiciunt,
1796 3040 1891 3078 me
1930 3020 2039 3079 hoc
2065 3039 2254 3093 neque
2341 3035 2347 3042 ·

281 3108 484 3173 rogatu
526 3098 718 3155 facere
758 3098 1116 3174 cujusquam,
1162 3119 1351 3174 neque
1394 3098 1509 3174 quo
1558 3100 1667 3157 Cn.
1716 3099 1973 3175 Pompeii
2012 3098 2256 3175 gratiam
2284 3108 2355 3162 35

280 3175 425 3232 mihi
450 3195 552 3252 per
579 3176 733 3233 hanc
761 3196 996 3234 causam
1023 3178 1324 3236 conciliari
1349 3188 1581 3255 putem;
1624 3198 1812 3251 neque
1853 3175 1966 3251 quo
1996 3176 2157 3246 mihi,
2188 3194 2260 3233 ex

283 3254 622 3329 cujusquam
652 3254 1043 3331 amplitudine,
1075 3266 1172 3313 aut
1197 3258 1462 3333 praesidia
1489 3256 1781 3332 periculis,
1803 3266 1900 3312 aut
1930 3255 2260 3329 adjumenta

281 3332 612 3403 honoribus,
641 3351 926 3407 quaeram3
955 3345 1254 3410 propterea
1281 3333 1437 3409 quod
1463 3334 1723 3410 pericula
1763 3332 1959 3403 facile,
1989 3343 2053 3389 ut
2081 3332 2260 3389 homi-

281 3421 712 3487 nem-praestare
749 3421 987 3488 oportet,
1019 3412 1351 3471 innocentia
1394 3412 1554 3483 tecti,
1601 3412 1974 3487 repellemus:
2018 3413 2261 3470 honores

281 3501 476 3546 autem
519 3508 706 3563 neque
747 3490 820 3548 ab
861 3510 995 3561 uno,
1023 3511 1212 3566 neque
1253 3511 1322 3549 ex
1366 3492 1476 3549 hoc
1516 3490 1661 3560 loco,
1692 3489 1790 3547 sed
1820 3489 2027 3547 eadem
2066 3487 2259 3547 nostra
2288 3496 2359 3551 40

280 3566 380 3625 illa
410 3568 853 3627 laboriosissima
892 3567 1113 3628 ratione
1153 3570 1304 3641 vitae,
1333 3569 1383 3626 si
1410 3579 1596 3627 vestra
1634 3568 1895 3627 voluntas
1936 3569 2098 3640 seret,
2129 3588 2262 3627 con-

279 3664 606 3719 sequemur.

357 3724 797 3797 Quamobrem,
819 3726 1095 3801 quidquid
1135 3726 1194 3785 in
1235 3728 1348 3785 hac
1389 3726 1566 3784 causa
1604 3729 1748 3785 miiu
1788 3741 2115 3803 susceptum
2154 3740 2262 3797 est,

276 3800 564 3872 Quirites,
595 3802 654 3861 id
679 3823 851 3939 οῐηέιθ
878 3823 972 3862 me
998 3804 1331 3880 reipublicae
1368 3806 1548 3864 causa
1588 3806 1912 3883 suscepisse
1952 3804 2265 3864 confirmo:
