2698 4492
793 296 1066 347 ORATIO
1110 296 1187 347 IN
1228 296 1307 346 M.
1351 294 1759 350 ANTONIUM.
2253 295 2368 353 133

280 450 475 518 togato
531 450 665 499 ante
717 460 811 499 me
862 440 1100 499 nemini.
1178 440 1253 498 L<
1307 440 1525 513 Caesar,
1581 439 1902 497 avunculus
1955 446 2106 507 tuuS,
2149 434 2266 511 qua

281 522 559 591 oratione,
601 520 714 595 qua
758 520 1103 591 constantia,
1144 520 1258 595 qua
1312 520 1591 596 gravitate
1631 518 1976 603 sententiam
2018 516 2161 573 dixit
2202 515 2262 573 in

283 600 489 659 sororis
528 619 647 657 suae
676 600 880 672 virum,
909 600 1178 657 vitricum
1204 609 1370 655 tuum
1393 600 1411 655 Ξ·
1478 598 1658 656 Hunc
1697 607 1761 654 tu
1802 595 1938 655 cum
1969 605 2264 654 auctorem

285 688 345 737 et
389 690 797 755 praeceptorem
852 678 1123 737 omnium
1170 677 1558 748 consiliorum,
1615 677 1900 752 totiusque
1960 676 2108 745 vitae,
2169 675 2267 731 de-

285 757 507 815 buisses
547 759 782 829 habere,
810 758 999 815 vitrici
1041 767 1099 814 te
1138 757 1407 826 similem,
1444 754 1618 831 quam
1660 754 1952 825 avunculi,
1981 773 2108 812 esse
2147 772 2266 811 ma-
2335 751 2370 803 5

282 835 458 894 luisti.
543 836 736 912 Hujus
788 856 899 913 ego
954 836 1177 894 alienus
1231 836 1487 892 consiliis
1541 834 1740 892 consul
1796 852 1934 889 usus
1973 852 2139 891 sum:
2181 842 2266 903 tu,

284 916 493 975 sororis
521 915 695 985 filius,
724 916 935 989 ecquid
965 915 1037 972 ad
1064 932 1199 972 eum
1230 932 1484 987 unquam
1510 914 1584 970 de
1611 932 1674 970 re
1709 912 1941 989 publica
1976 911 2219 969 retulisti
2240 913 2266 968 'l

284 995 369 1052 At
410 988 484 1051 ad
526 1012 669 1068 quos
720 994 936 1051 refert?
1004 993 1106 1050 Dii
1153 992 1536 1051 immortales!
1582 992 1657 1049 ad
1696 1010 1795 1049 eos
1847 990 2092 1063 scilicet,
2135 976 2270 1065 qu&-

284 1091 414 1131 rum
441 1074 610 1130 nobis
636 1073 813 1131 etiam
839 1074 964 1131 dies
992 1072 1214 1129 natales
1243 1071 1517 1129 audiendi
1545 1080 1694 1129 nunt.

365 1151 561 1209 Hodie
618 1171 734 1209 non
790 1152 1091 1211 descendit
1131 1151 1440 1209 Antonius.
1512 1151 1678 1208 Cur?
1747 1148 1866 1207 Dat
1905 1148 2169 1206 natalitia
2207 1146 2267 1205 in
2309 1148 2374 1200 10

283 1231 479 1289 hortiS.
566 1230 725 1288 Cui?
792 1230 1107 1287 Neminem
1147 1230 1459 1288 nominabo
1477 1249 1496 1307 ³.
1531 1239 1729 1307 putate
1768 1239 1892 1285 tum
1935 1226 2267 1285 Phormioni

284 1310 480 1381 alicui,
523 1319 647 1367 tum
686 1310 1001 1381 Gnathoni,
1044 1319 1168 1366 tum
1208 1309 1474 1366 Ballioni.
1557 1308 1614 1365 Ο
1657 1308 1973 1366 foeditatem
2021 1305 2267 1364 hominis

282 1389 659 1467 flagitiosam!
702 1408 738 1447 o
764 1388 1201 1465 impudentiam,
1230 1388 1564 1463 nequitiam,
1594 1388 1913 1457 libidinem,
1942 1406 2057 1444 non
2087 1386 2268 1443 feren-

284 1470 455 1526 dam!
526 1466 647 1538 Tu,
696 1465 833 1525 cum
884 1468 1205 1545 principem
1258 1478 1600 1539 senatorem,
1656 1468 1842 1524 civem
1895 1465 2266 1542 singularem,

282 1556 403 1603 tam
429 1547 821 1623 propinquum·
836 1548 1081 1619 habeas,
1113 1546 1187 1603 ad
1226 1565 1359 1603 eum
1401 1547 1475 1604 de
1511 1566 1573 1603 re
1614 1544 1849 1622 publica
1877 1545 2020 1602 nihil
2049 1545 2264 1614 refers3
2293 1545 2372 1623 ,15

288 1625 362 1681 ad
409 1644 507 1681 eos
548 1626 743 1695 refers,
788 1626 887 1700 qui
926 1627 1159 1683 domum
1200 1644 1365 1681 suam
1412 1626 1630 1682 nullam
1683 1624 1920 1694 habent,
1967 1634 2128 1680 tuam
2175 1643 2270 1681 ex-

289 1703 602 1760 hauriunt?
670 1703 840 1762 Tuus
891 1704 1159 1763 videlicet
1201 1704 1470 1761 salutaris
1517 1704 1869 1774 consulatue,
1909 1702 2270 1779 perniciosus

290 1782 489 1838 meus!

366 1859 508 1917 VII.
552 1860 794 1918 Adeone
833 1862 1106 1937 pudorem
1146 1880 1281 1920 cum
1320 1862 1602 1939 pudicitia
1629 1859 1948 1939 perdidisti,
1978 1870 2042 1918 ut
2067 1859 2267 1918 hocin

284 1957 355 1997 eo
394 1938 608 2015 templo
648 1940 843 1998 dicere
886 1959 1059 1998 ausus
1098 1941 1197 2013 sis,
1240 1942 1299 1999 in
1340 1962 1454 2019 quo
1493 1962 1602 2019 ego
1641 1951 1906 1999 senatum
1947 1940 2129 2012 illum,
2169 1941 2269 2015 qui
2302 1946 2374 2001 Q)

282 2018 573 2093 quondam
614 2018 821 2077 florens
862 2021 987 2079 orbi
1026 2031 1311 2079 terrarum
1349 2023 1711 2098 praesidebat,
1755 2020 2162 2089 consulebam;
2205 2029 2268 2076 tu

282 2098 547 2155 homines
604 2099 1019 2174 perditissimos
1080 2111 1217 2157 cum
1273 2101 1482 2177 gladiis
1535 2100 1875 2159 collocasti'l
1958 2100 2042 2156 At
2093 2098 2269 2155 etiam

282 2194 459 2233 ausus
504 2196 569 2233 es
614 2176 781 2254 (quid
832 2187 1024 2235 autem
1078 2188 1185 2250 est,
1228 2180 1380 2254 quod
1434 2189 1497 2236 tu
1550 2199 1666 2236 non
1716 2179 1931 2235 audeas
1950 2178 2004 2257 Τ)
2057 2178 2270 2234 clivum

284 2256 681 2330 Capitolinum
710 2257 928 2327 dicere,
951 2277 1044 2314 me
1074 2257 1329 2328 consule,
1351 2259 1586 2333 plenum
1613 2276 1902 2315 servorum
1925 2265 2268 2313 armatorum

285 2334 482 2390 fuisse.
566 2333 646 2390 Ut
685 2334 785 2390 illa
816 2333 1045 2414 (credo)
1081 2335 1305 2391 nefaria
1345 2336 1866 2393 senatus-consulta
1904 2335 2127 2405 fierent,
2155 2335 2270 2390 vim
2303 2337 2375 2390 25

288 2411 602 2468 afferebam
629 2411 875 2469 senatui.
957 2411 1014 2468 Ο
1043 2413 1336 2484 miserum,
1369 2414 1486 2470 sive
1529 2414 1628 2470 illa
1666 2413 1772 2470 tibi
1811 2422 1950 2471 nota
1975 2433 2089 2470 non
2117 2422 2268 2484 sunt,

290 2489 464 2566 (nihil
508 2490 664 2546 enim
706 2489 843 2549 boni
884 2489 1063 2570 nosti)
1096 2491 1215 2547 sive
1256 2501 1408 2562 sunt,
1445 2492 1543 2568 qui
1587 2493 1738 2567 apud
1778 2493 1924 2550 tales
1963 2491 2112 2548 viros
2151 2503 2269 2548 tam

286 2569 649 2644 impudenter
716 2568 987 2645 loquare!
1069 2568 1229 2631 Quis
1295 2571 1452 2627 enim
1518 2590 1694 2645 eques
1759 2570 2082 2642 Romanus,
2143 2572 2271 2647 quis

288 2647 521 2724 (praeter
550 2649 634 2725 te)
668 2648 1005 2706 adolescens
1044 2648 1273 2720 nobilis,
1302 2650 1431 2726 quis
1471 2650 1645 2708 ullius
1682 2650 1920 2721 ordiniS,
1949 2650 2047 2727 qui
2089 2671 2150 2708 se
2193 2652 2270 2709 ci-

284 2746 413 2784 vem
454 2727 832 2799 meminisset,
862 2725 999 2786 cum
1039 2737 1275 2786 senatus
1316 2729 1376 2787 in
1419 2731 1529 2787 hoc
1569 2730 1779 2806 templo
1817 2740 1987 2802 esset,
2017 2731 2076 2788 iu
2121 2731 2270 2789 clivo
2303 2741 2374 2794 30

284 2807 613 2882 Capitolino
652 2828 767 2866 non
804 2807 959 2866 -suit'l
999 2808 1128 2884 quis
1155 2827 1366 2867 nomen
1407 2829 1522 2867 non
1559 2810 1762 2867 dedit?
1802 2829 2130 2886 quanquam
2158 2831 2269 2868 nec

284 2886 489 2943 scribae
532 2887 819 2958 sufficere,
857 2907 968 2944 nec
1007 2887 1219 2945 tabulae
1260 2889 1496 2946 nomina
1535 2888 1762 2946 illorum
1809 2908 2036 2966 capere,
2075 2901 2270 2967 potue-

285 2973 435 3021 runt.
518 2964 775 3036 Etenim,
824 2963 959 3024 cum
1008 2966 1271 3025 homines
1323 2968 1532 3025 nefarii
1590 2969 1661 3026 de
1707 2969 1906 3045 patriae
1957 2969 2269 3046 parricidio

203 3050 207 3054 '
285 3043 693 3100 confiterentur
738 3045 1129 3119 (consciorum
1168 3046 1422 3118 indiciis,
1461 3047 1566 3104 sua
1606 3067 1804 3119 manu,
1831 3067 1972 3106 voce
2011 3048 2162 3124 pene
2204 3048 2269 3104 li-
2387 3098 2394 3104 .

284 3131 539 3180 terarum
568 3122 807 3200 coacti),
836 3143 899 3180 se
938 3123 1155 3182 Urbem
1198 3125 1578 3197 inflammare,
1609 3126 1764 3184 cives
1804 3127 2116 3198 trucidare,
2144 3145 2270 3182 vas-
2303 3128 2374 3182 35

286 3211 411 3258 tare
466 3200 717 3272 Italiam,
760 3202 953 3260 delere
999 3205 1437 3280 rempublicam,
1481 3206 1878 3274 consensisse3
1921 3205 2050 3279 quis
2097 3213 2268 3273 esset,

287 3279 387 3354 qui
430 3279 503 3336 ad
542 3280 786 3337 salutem
828 3300 1193 3340 communem
1245 3283 1672 3340 defendendam
1723 3303 1840 3340 non
1881 3283 2268 3339 excitaretur?

282 3358 599 3436 praesertim
626 3355 763 3416 cum
792 3370 1025 3418 senatus
1050 3360 1404 3437 populusque
1442 3361 1746 3419 Romanus
1772 3361 2012 3418 haberet
2040 3361 2268 3432 ducem,

283 3437 471 3513 qualis
499 3437 548 3494 si
576 3437 675 3514 qui
704 3457 861 3496 nunc
890 3449 1060 3510 esset,
1090 3440 1196 3497 tibi
1226 3440 1400 3510 idem,
1418 3442 1569 3515 quod
1593 3439 1712 3496 illis
1740 3439 1973 3510 accidit,
2004 3439 2272 3516 contigis-

282 3527 388 3574 set.
472 3518 569 3574 Ad
610 3517 961 3594 sepulturam
1018 3538 1223 3594 corpus
1262 3519 1452 3576 vitrici
1495 3519 1584 3574 sui
1625 3528 1802 3594 negat
1843 3536 1878 3575 a
1917 3536 2009 3576 me
2052 3520 2267 3576 datum.
2305 3530 2375 3582 40

284 3595 419 3654 Hoc
447 3595 583 3654 vero
626 3616 701 3654 ne
746 3597 811 3653 P.
839 3597 1073 3671 quidem
1116 3597 1358 3654 Clodius
1403 3597 1548 3653 dixit
1587 3615 1873 3671 unquam:
1915 3616 2108 3672 quem,
2136 3597 2272 3672 quia

278 3675 409 3752 jure
448 3675 505 3732 ei
542 3675 625 3732 fui
664 3675 955 3746 inimicuS,
986 3676 1152 3733 doleo
1181 3694 1215 3731 a
1241 3685 1298 3731 te
1322 3676 1442 3750 jam
1469 3676 1736 3732 omnibus
1762 3677 1914 3732 vitiis
1943 3696 2068 3734 esse
2109 3694 2272 3750 supe-

283 3765 490 3812 ratum.
572 3751 701 3814 Qui
746 3764 939 3810 autem
967 3753 1071 3810 tibi
1100 3753 1257 3810 venit
1293 3754 1353 3810 in
1382 3764 1653 3823 mentem,
1683 3755 1946 3830 redigere
1974 3755 2034 3811 in
2063 3771 2276 3811 memo-

283 3833 430 3891 riam
459 3841 733 3902 nostram,
762 3842 844 3968 tle2
850 3832 1004 3890 domi
1046 3832 1109 3889 P.
1140 3832 1376 3889 Lentuli
1413 3851 1539 3888 esse
1566 3833 1922 3890 educatum?
1990 3832 2090 3889 An
2117 3849 2275 3887 vere-
