2698 4492
304 299 389 362 86
808 298 1083 350 ORATIO
1124 297 1265 349 PRO
1308 296 1508 348 REGE
1541 296 1932 348 DEIOTARO.

402 441 604 500 solere.
687 439 873 518 Frugi
920 442 1213 500 hominem
1256 441 1396 513 dici,
1436 460 1552 499 non
1596 441 1840 500 multum
1879 441 2054 498 habet
2089 441 2280 499 laudis
2328 443 2392 503 in
2471 440 2485 453 '

403 539 573 598 rege3
617 521 839 591 fortem,
878 519 1117 596 justum,
1158 540 1440 591 severum,
1484 539 1738 598 gravem,
1785 520 2242 596 magnanimum,
2277 522 2394 580 lar·

402 619 562 678 gum,
590 599 937 670 beneficum,
966 600 1296 670 liberalem;
1341 601 1430 656 hae
1468 610 1603 657 sunt
1649 599 1824 674 regiae
1865 599 2101 656 laudes:
2146 600 2245 657 illa
2273 602 2395 676 pri-⁴
2419 597 2484 672 4-

318 687 372 724 *r-
404 689 534 736 vata
558 688 662 735 est.
746 677 824 736 Ut
868 679 1035 748 volet,
1065 680 1305 754 quisque
1348 679 1633 754 accipiat:
1691 696 1801 754 ego
1845 687 2044 734 tamen
2091 678 2392 755 frugalita-

338 761 376 814 5
402 767 540 828 tem,
570 756 629 814 id
656 766 765 828 est,
794 758 1131 815 modestiam
1161 768 1221 814 et
1246 757 1706 833 temperantiam,
1737 756 2005 813 virtutem
2047 775 2176 813 esse
2203 759 2386 815 maxi-

403 855 555 894 mam
592 835 807 912 judice.
892 836 1042 894 Haec
1070 836 1129 894 in
1161 837 1258 894 illo
1284 847 1372 894 est
1401 837 1473 893 ab
1501 835 1740 892 ineunte
1767 845 1953 905 aetate,
1987 845 2110 892 tum
2141 854 2175 893 a
2201 855 2386 894 cunc·

404 915 464 973 αἱ
519 915 685 986 Asia,
732 927 855 974 tum
907 935 941 974 a
988 915 1417 992 magistratibus
1470 913 1787 991 legatisque
1839 914 2070 984 nostris,
2125 923 2248 970 tum
2307 916 2384 972 ab

402 995 691 1070 equitibus
730 994 1018 1053 Romanis
1056 995 1157 1072 qui
1196 994 1257 1052 in
1298 993 1448 1052 Asia
1489 992 1766 1070 negotiati
1807 1003 1960 1062 sunt,
1988 1004 2292 1069 perspecta
2320 1009 2386 1054 et

402 1093 475 1132 co
516 1086 653 1132 nita.

306 1153 375 1206 10
457 1214 462 1218 ,
554 1155 687 1212 ultis
713 1153 808 1211 ille
834 1153 1069 1230 quidem
1110 1151 1385 1229 gradibus
1423 1149 1740 1208 officiorum
1783 1168 1921 1226 erga
1960 1150 2380 1226 rempublicam

402 1243 653 1290 nostram
700 1233 771 1288 ad
813 1233 926 1290 hoc
969 1231 1188 1307 regium
1232 1250 1444 1288 nomen
1487 1229 1822 1286 adscendit:
1866 1229 1968 1286 sed
1997 1239 2190 1286 tamen
2215 1231 2381 1305 quid-

401 1310 539 1385 quid
568 1330 603 1367 a
630 1310 795 1367 bellis
820 1309 1015 1386 populi
1057 1309 1314 1366 Romani
1359 1309 1618 1379 vacabat,
1648 1327 1783 1365 cum
1812 1308 2140 1365 hominibus
2168 1309 2379 1366 nostris

328 1399 379 1462 4-
402 1388 875 1457 consuetudineS,
911 1387 1217 1458 amicitiaS,
1266 1407 1360 1444 res
1405 1388 1768 1463 rationesque
1801 1386 2114 1462 jungebat3
2157 1398 2222 1444 ut
2257 1407 2376 1444 non

402 1463 589 1523 solum
618 1467 907 1524 tetrarcha
935 1465 1165 1537 nobilis,
1194 1467 1295 1524 sed
1322 1467 1571 1543 optimus
1600 1466 2027 1541 paterfamilias,
2050 1476 2108 1523 et
2134 1466 2377 1542 diligen-

310 1551 375 1606 15
402 1544 657 1602 tissimus
698 1545 953 1621 agricola
992 1556 1050 1603 et
1087 1546 1418 1621 pecuarius,
1447 1545 1774 1602 haberetur.
1853 1544 1979 1605 Qui
2021 1545 2214 1621 igitur,
2245 1546 2377 1602 ado-

402 1624 647 1691 lescens,
691 1624 946 1682 nondum
988 1625 1150 1682 tanta
1202 1623 1386 1700 gloria
1439 1625 1729 1699 praeditus,
1773 1623 1914 1681 nihil
1969 1643 2222 1699 unquam
2264 1624 2375 1681 nisi

402 1701 761 1762 severissime
790 1713 850 1761 et
875 1701 1211 1780 gravissime
1243 1703 1445 1761 fecerit
1468 1723 1482 1774 ;
1527 1703 1595 1774 is,
1623 1701 1696 1760 ea
1723 1703 2164 1774 existimatione,
2193 1703 2374 1780 eaque

402 1794 589 1854 aetate,
619 1783 844 1842 saltavit
868 1786 890 1840 ’ἔ

481 1862 559 1935 X.
604 1863 826 1920 Imitari
866 1859 1075 1939 potius,
1126 1861 1355 1932 Castor,
1405 1859 1495 1918 avi
1535 1859 1621 1918 tui
1663 1879 1850 1918 mores
1897 1860 2374 1936 disciplinamque

301 1951 374 2003 m
402 1940 673 2010 debebas,
700 1939 875 2017 quam
902 1941 1118 2017 optimo
1158 1951 1217 1998 et
1256 1940 1575 1997 clarissimo
1602 1938 1725 1996 viro
1767 1938 1991 2015 fugitivi
2017 1958 2116 1996 ore
2144 1940 2376 1997 maledi-

403 2037 553 2076 cere.
636 2017 816 2080 Quod
860 2019 909 2076 si
949 2019 1277 2076 saltatorem
1322 2037 1489 2076 avum
1537 2018 1852 2088 habuisses,
1895 2037 2083 2093 neque
2123 2037 2259 2076 eum
2299 2019 2375 2076 vi-

403 2116 551 2169 rum,
583 2098 736 2154 unde
762 2097 999 2172 pudoris
1027 2098 1434 2173 pudicitiaeque
1472 2098 1734 2174 exempla
1772 2107 2102 2174 peterentur
2121 2117 2136 2167 3
2181 2109 2372 2155 tamen

341 2177 516 2261 yghoc
545 2177 915 2234 maledictum
959 2175 1199 2234 minime
1242 2176 1301 2233 in
1345 2177 1502 2234 illam
1541 2188 1766 2234 aetatem
1795 2176 2144 2234 conveniret.
2228 2177 2376 2238 Qui-

404 2257 513 2315 bus
554 2256 647 2315 ille
690 2258 893 2316 studiis
936 2258 1008 2314 ab
1049 2257 1284 2315 ineunte
1328 2268 1494 2313 aetate
1523 2276 1584 2314 se
1614 2258 1916 2327 imbuerat,
1947 2276 2060 2313 non
2105 2256 2372 2328 saltandi,

300 2333 375 2389 25
404 2338 504 2395 sed
536 2338 683 2395 bene
711 2348 775 2396 ut
803 2336 997 2408 armis,
1024 2335 1240 2413 optime
1270 2347 1333 2394 ut
1362 2336 1524 2411 equis
1561 2347 1847 2405 uteretur;
1890 2354 1961 2392 ea
1987 2347 2184 2393 tamen
2216 2336 2374 2393 illum
2447 2360 2456 2366 ·

404 2428 621 2475 cuncta
661 2418 801 2495 jam,
852 2427 1018 2475 aetate
1062 2416 1289 2487 exacta,
1338 2416 1689 2473 defecerant.
1773 2415 1995 2490 Itaque,
2035 2414 2374 2473 Deiotarum

335 2494 539 2555 *cum
586 2498 777 2573 plures
818 2497 877 2555 in
920 2515 1129 2571 equum
1174 2495 1557 2565 sustulissent,
1585 2493 1739 2570 qued
1769 2495 1984 2551 haerere
2012 2494 2072 2550 in
2100 2514 2171 2551 eo
2197 2514 2376 2552 senex

331 2582 615 2651 4-posset,
648 2576 917 2634 admirari
956 2576 1298 2632 solebamus.
1384 2572 1504 2631 Hic
1534 2572 1668 2631 vero
1701 2574 2056 2643 adolescens,
2085 2573 2184 2648 qui
2212 2592 2374 2631 meus

404 2654 464 2709 in
492 2654 705 2711 Cilicia
734 2655 917 2723 miles,
949 2654 1007 2709 in
1036 2654 1267 2711 Graeciii
1296 2653 1629 2723 commilit0,
1654 2652 1778 2720 fuit,
1805 2647 1938 2709 cum
1970 2652 2027 2708 in
2059 2652 2156 2709 illo
2183 2663 2375 2709 nostro

301 2726 373 2781 30
402 2732 659 2789 exercitu
704 2732 984 2805 equitaret
1013 2750 1147 2788 cum
1176 2732 1294 2788 suis
1322 2733 1562 2789 delectis
1589 2731 1895 2807 equitibus,
1924 2737 2070 2805 quos
2093 2730 2212 2788 una
2239 2750 2372 2788 cum

341 2819 473 2881 *eo
503 2810 574 2866 ad
616 2808 952 2883 Pompeium
997 2819 1156 2883 pater
1199 2811 1452 2881 miserat,
1481 2831 1622 2886 quos
1666 2828 1984 2867 concursus
2013 2810 2204 2868 facere
2233 2810 2373 2867 sole·

404 2888 533 2944 bat!
585 2884 757 2963 quam
787 2906 847 2943 se
871 2888 1126 2963 jactare!
1170 2887 1342 2964 quam
1371 2890 1692 2947 ostentare!
1737 2888 1907 2963 quam
1937 2890 2157 2946 nemini
2187 2890 2246 2945 in
2277 2888 2372 2945 illa

402 2966 581 3023 causa
623 2966 812 3022 studio
852 2976 909 3023 et
951 2966 1267 3041 cupiditate
1308 2970 1664 3026 concedere!
1722 2966 1876 3026 cum
1917 2966 2072 3038 verb,
2114 2968 2371 3025 exercitu

402 3044 632 3115 amisso,
661 3064 790 3121 eg0‚
819 3045 915 3119 qui
956 3045 1119 3120 pacis
1162 3060 1360 3105 auctor
1402 3066 1626 3122 semper
1668 3047 1768 3116 fui,
1811 3057 1936 3123 post
1977 3045 2371 3104 Pharsalicum

298 3130 370 3185 35
402 3137 589 3183 autem
620 3124 884 3201 proelium
925 3143 1122 3180 suasor
1160 3125 1393 3182 fuissem
1425 3134 1708 3183 armorum
1739 3146 1850 3183 non
1881 3126 2370 3200 deponendorum,

400 3205 500 3262 sed
533 3204 1027 3281 abjiciendorum3
1073 3204 1230 3261 hunc
1274 3203 1343 3261 ad
1388 3224 1574 3261 meam
1621 3205 2015 3261 auctoritatem
2057 3223 2173 3261 non
2214 3204 2370 3279 potui

400 3285 712 3355 adducere,
751 3280 905 3359 qued
947 3292 1007 3339 et
1048 3282 1167 3357 ipse
1212 3283 1446 3339 ardebat
1487 3284 1676 3341 studio
1721 3283 1894 3359 ipsius
1938 3282 2089 3353 belli,
2128 3294 2186 3339 et
2224 3282 2370 3357 patri
2395 3290 2412 3307 '

399 3364 873 3422 satisfaciendum
928 3381 1055 3419 esse
1112 3361 1510 3418 arbitrabatur.
1595 3362 1762 3419 Felix
1811 3362 1920 3419 ista
1975 3362 2198 3432 domuS,
2244 3380 2369 3436 quae

398 3462 515 3500 non
555 3442 952 3517 impunitatem
1002 3437 1186 3498 solum
1232 3441 1439 3515 adepta
1482 3441 1573 3511 sit,
1603 3442 1704 3497 sed
1747 3442 1918 3498 etiam
1967 3440 2280 3497 accusandi
2307 3440 2370 3496 li-

298 3522 371 3575 40
388 3520 688 3577 centiam:
732 3521 1101 3577 calamitosus
1146 3513 1475 3589 Deiotarus,
1505 3520 1600 3593 qui
1645 3529 1704 3576 et
1749 3520 1820 3576 ab
1851 3539 1921 3577 eo
1947 3519 2044 3595 qui
2074 3520 2132 3575 in
2164 3519 2366 3575 iisdem

327 3602 380 3673 ’t‘-
400 3597 605 3654 castris
633 3598 821 3666 fuerit,
855 3618 968 3655 non
1000 3594 1170 3653 mode
1202 3597 1348 3672 apud
1381 3609 1459 3667 te,
1483 3598 1785 3656 sedetiam
1817 3618 1850 3655 a
1877 3599 2012 3667 suis,
2045 3608 2364 3655 accusetur.

399 3674 521 3732 Vos
569 3675 758 3730 vestra
800 3676 1061 3732 secunda
1107 3676 1354 3745 fortunii,
1385 3676 1611 3746 Castor,
1643 3695 1758 3734 non
1806 3676 2062 3753 potestiS,
2092 3676 2216 3733 sine
2244 3695 2367 3752 pro-

398 3752 742 3829 pinquorum
770 3752 1121 3824 calamitate,
1150 3773 1277 3811 esse
1306 3755 1606 3812 contenti?
2015 3786 2023 3794 ·
