2698 4492
374 298 490 359 1ae
950 296 1223 347 ORATIO
1266 295 1343 347 m
1385 296 1462 347 M.
1507 296 1908 351 ANTONIUM.

468 438 694 497 simum.
772 438 929 502 Quo
968 440 1124 497 enim
1164 458 1257 497 res
1296 458 1550 515 unquam
1579 439 1726 517 (pro,
1765 449 1965 497 sancte
1999 439 2226 515 Jupiter
2247 440 2292 518 Ξ)
2325 460 2440 499 non

469 516 639 575 modo
680 518 741 576 in
780 519 893 577 hac
931 519 1094 590 urbe,
1122 519 1225 577 sed
1265 518 1325 577 in
1363 519 1632 577 omnibus
1669 518 1854 589 terris,
1891 528 1980 575 est
2019 528 2181 595 gesta
2220 519 2440 595 majori

466 614 595 671 quae
634 596 973 673 gloriosior?
1014 616 1140 671 quae
1181 598 1630 656 commendatior
1671 597 1781 655 erit
1816 596 2112 654 hominum
2149 599 2442 655 memoriae

469 676 868 751 sempiternae?
934 674 1007 732 In
1049 674 1219 751 hujus
1258 694 1354 733 me
1393 687 1456 733 tu
1497 676 1722 733 consilii
1769 676 2124 745 societatem,
2165 685 2442 750 tanquam

406 751 443 804 5
472 752 531 811 in
558 772 771 828 equum
810 753 1151 830 Trojanum,
1180 772 1315 812 cum
1356 754 1712 831 principibus
1751 753 2045 811 includis?
2111 753 2248 810 Non
2274 773 2443 811 recu-

470 850 568 889 so:
613 850 721 909 ago
758 834 933 891 etiam
973 833 1206 909 gratias,
1236 851 1462 907 quoquo
1501 832 1694 890 animo
1732 832 1908 901 facis3
1949 841 2110 889 tanta
2149 832 2303 889 enim
2347 852 2442 891 res

468 920 576 981 est,
617 923 683 968 ut
724 911 998 970 invidiam
1039 912 1227 983 istam,
1269 929 1444 987 quam
1482 920 1547 967 tu
1586 911 1648 968 in
1687 929 1780 968 me
1820 911 1906 967 vis
1945 910 2259 982 concitare,
2302 930 2442 968 cum

470 988 643 1049 laude
669 1009 781 1047 non
812 1009 1153 1066 comparem.
1473 1042 1480 1049 .

548 1067 716 1129 Quid
742 1070 897 1128 enim
924 1069 1149 1127 beatius
1176 1068 1308 1139 illis,
1337 1086 1480 1143 quos
1505 1077 1568 1124 tu
1593 1066 1856 1143 expulsos
1897 1086 1932 1124 a
1968 1076 2028 1123 te
2064 1066 2346 1143 praedicas
2379 1077 2442 1125 et
2503 1126 2518 1143 ,

380 1150 443 1203 10
472 1146 797 1223 relegatos?
838 1147 935 1221 qui
960 1147 1122 1205 locus
1162 1157 1249 1204 est
1288 1156 1389 1204 aut
1427 1156 1544 1202 tam
1586 1146 1863 1216 desertus,
1895 1155 1994 1202 aut
2031 1155 2149 1201 tam
2179 1145 2443 1203 inhuma-

472 1244 600 1295 nus,
643 1225 741 1299 qui
794 1225 940 1296 illos,
982 1218 1097 1300 quo
1150 1224 1520 1295 accesserint,
1561 1244 1677 1282 non
1733 1224 1895 1281 affari
1949 1233 2120 1298 atque
2175 1233 2440 1299 appetere

472 1304 773 1361 videatur?
828 1304 928 1378 qui
968 1303 1229 1368 homines
1266 1312 1386 1359 tam
1427 1313 1700 1379 agrestes,
1741 1303 1841 1376 qui
1893 1321 1977 1373 se,
2019 1300 2156 1358 cum
2198 1321 2296 1359 eos
2343 1303 2440 1359 ad·

470 1382 776 1455 spexerint,
805 1401 919 1439 non
958 1382 1273 1438 maximum
1309 1382 1530 1458 cepisse
1557 1382 1686 1439 vitae
1734 1382 1986 1439 fructum
2029 1381 2269 1456 putent'!
2311 1399 2441 1454 quae

470 1457 606 1519 vero
634 1469 751 1516 tam
780 1459 1077 1517 immemor
1102 1460 1420 1535 posteritas,
1453 1478 1579 1533 quae
1619 1470 1740 1517 tam
1781 1460 2020 1536 ingratas
2065 1458 2245 1515 literae
2281 1478 2442 1533 repe-

374 1544 443 1598 15
472 1536 710 1608 rientur,
734 1557 864 1613 quae
890 1556 1089 1596 eorum
1126 1538 1368 1614 gloriam
1404 1558 1519 1596 non
1549 1537 1988 1595 immortalitatis
2013 1536 2290 1593 memoria
2315 1556 2443 1613 pro-

468 1617 822 1689 sequantur?
883 1617 983 1673 Tu
1009 1614 1144 1674 vero
1174 1617 1439 1675 adscribe
1467 1635 1560 1673 me
1588 1616 1761 1674 talem
1789 1616 1850 1673 in
1875 1632 2196 1673 numerum.

549 1694 719 1753 XIV.
790 1696 907 1753 Sed
952 1714 1129 1753 unam
1170 1714 1292 1754 rem
1338 1712 1555 1765 venor,
1597 1714 1672 1751 ne
1717 1713 1832 1751 non
1874 1693 2094 1769 probes.
2177 1693 2241 1749 Si
2285 1693 2438 1750 enim

473 1774 727 1846 fuissem,
756 1794 873 1833 non
912 1772 1099 1832 solum
1134 1792 1351 1850 regem,
1379 1774 1481 1831 sed
1523 1790 1764 1848 regnum
1811 1770 2005 1842 etiam,
2035 1772 2108 1829 de
2145 1772 2443 1846 republica

470 1853 865 1911 sustulissem:
906 1863 983 1923 et,
1012 1852 1062 1909 si
1103 1871 1266 1909 meus
1310 1851 1476 1910 stilus
1515 1851 1613 1909 ille
1654 1850 1872 1921 suisset,
1901 1859 1967 1907 ut
2005 1850 2237 1919 dicitur,
2269 1848 2442 1925 (mihi

370 1931 443 1985 20
472 1930 672 2008 crede)
702 1950 818 1989 non
861 1930 1046 1989 solum
1090 1949 1271 1989 unum
1313 1939 1527 2001 actum,
1569 1929 1672 1986 sed
1713 1938 1890 1986 totam
1934 1927 2208 1999 fabulam,
2250 1928 2444 1985 confe-

472 2008 697 2065 cissem.
778 2008 1151 2084 Quanquam,
1180 2008 1230 2065 si
1274 2007 1523 2065 interfici
1565 2008 1858 2064 Caesarem
1900 2006 2165 2076 voluisse,
2215 2005 2438 2063 crimen

472 2095 577 2155 est,
625 2086 775 2157 vide,
818 2106 1031 2162 quaeso,
1078 2086 1319 2157 Antoni,
1363 2086 1502 2161 quid
1543 2086 1650 2143 tibi
1703 2086 1958 2143 futurum
2013 2084 2105 2155 sit,
2158 2103 2328 2159 quem
2383 2094 2444 2141 et

472 2162 749 2221 Narbone
795 2166 906 2222 hoc
948 2164 1249 2223 consilium
1299 2183 1434 2221 cum
1488 2165 1556 2222 C.
1612 2164 1912 2221 Trebonio
1952 2164 2173 2239 cepisse
2219 2162 2444 2219 notissi-

472 2261 631 2299 mum
671 2252 757 2301 est
774 2264 789 2314 ;
830 2254 910 2316 et,
936 2243 1011 2302 ob
1038 2242 1161 2319 ejus
1188 2242 1416 2301 consilii
1461 2242 1814 2314 societatem,
1843 2238 1980 2301 cum
2023 2242 2443 2300 interficeretur

369 2323 442 2377 25
473 2321 688 2394 Caesar,
732 2333 856 2380 tum
902 2333 959 2380 te
1004 2343 1039 2381 a
1077 2322 1376 2380 Trebonio
1413 2323 1662 2380 vidimus
1700 2322 1974 2381 sevocari.
2057 2321 2186 2398 Ego
2227 2329 2440 2392 autem,

474 2399 632 2476 (vide
676 2400 850 2476 quam
892 2412 1088 2460 tecum
1132 2420 1297 2478 agam
1346 2421 1461 2460 non
1509 2398 1772 2479 inimice)
1804 2399 1957 2474 quod
1996 2399 2145 2458 bene
2175 2396 2442 2475 cogitasti

473 2479 797 2554 aliquando,
824 2481 999 2538 laudo
1022 2499 1036 2538 ε
1076 2478 1231 2556 quod
1258 2500 1372 2538 non
1401 2479 1691 2550 indicasti,
1713 2479 1928 2554 gratias
1956 2497 2100 2555 ago:
2142 2476 2298 2552 quod
2323 2497 2442 2536 non
2495 2516 2500 2521 -

472 2557 680 2628 fecisti,
711 2559 963 2636 ignosco.
1045 2559 1253 2617 Virum
1280 2578 1374 2616 res
1401 2558 1500 2616 illa
1525 2557 1832 2634 quaerebat.

547 2635 732 2697 Quod
778 2639 828 2694 si
873 2647 931 2695 te
978 2638 1039 2695 in
1077 2637 1362 2712 judicium
1410 2637 1538 2711 quis
1585 2636 1855 2706 adducat,
1903 2643 2259 2710 usurpetque·
2297 2632 2442 2690 illud

370 2717 441 2770 30
472 2713 836 2785 Cassianum,
892 2735 993 2774 cm
1049 2733 1211 2772 nono
1274 2733 1536 2784 runnu-5
1604 2713 1754 2783 vide,
1810 2732 2020 2787 quaeso,
2075 2731 2151 2790 ne
2203 2713 2439 2769 haereas.
2500 2722 2504 2726 ’

469 2790 825 2865 Quanquam
874 2793 1015 2850 illud
1058 2793 1289 2866 quidem
1340 2792 1465 2863 fuit,
1496 2802 1560 2848 ut
1599 2801 1664 2847 tu
1691 2792 1946 2863 dicebas,
1975 2791 2242 2849 omnibus
2269 2790 2438 2861 bono,

468 2869 566 2942 qui
612 2870 825 2927 servire
867 2870 1169 2938 nolebant3
1219 2870 1323 2928 tibi
1367 2880 1559 2928 tamen
1601 2867 1912 2946 praecipue,
1961 2869 2060 2944 qui
2105 2888 2220 2926 non
2267 2867 2438 2926 modo

392 3005 399 3015 ,
468 2966 585 3003 non
612 2948 807 3018 servis,
836 2949 938 3006 sed
978 2948 1151 3005 etiam
1192 2967 1436 3025 regnas3
1479 2949 1576 3022 qui
1617 2949 1866 3006 maximo
1890 2958 1950 3006 te
1990 2967 2102 3005 aere
2143 2946 2332 3004 alieno
2367 2946 2440 3003 ad

472 3026 653 3082 aedem
693 3025 839 3103 Opis
878 3026 1169 3096 liberasti3
1212 3027 1330 3102 qui,
1359 3046 1459 3103 per
1499 3027 1732 3084 easdem
1773 3027 2018 3096 tabulaS,
2053 3025 2440 3082 innumerabi-

368 3105 441 3160 35
470 3104 583 3162 lem
635 3107 941 3182 pecuniam
994 3104 1319 3180 dissipasti3
1385 3106 1455 3162 ad
1515 3124 1687 3181 quem
1727 3124 1760 3163 e
1800 3106 1970 3171 domo
2021 3102 2269 3162 Caesaris
2321 3112 2440 3159 tam

469 3185 651 3241 multa
677 3184 867 3243 delata
893 3194 1061 3254 sunt3
1106 3184 1271 3260 cujus
1298 3184 1504 3242 domus
1529 3184 2012 3259 quaestuosissima
2050 3191 2140 3240 est
2167 3181 2440 3238 salsorum

470 3263 1008 3322 commentariorum
1036 3273 1095 3320 et
1122 3263 1629 3340 chirographorum
1654 3263 1924 3332 officina;
1975 3277 2260 3337 agrorum,
2287 3257 2442 3334 oppi-

470 3341 691 3412 dorum,
733 3341 1177 3413 immunitatum,
1218 3343 1606 3420 vectigalium,
1649 3340 2104 3418 flagitiosissimae
2146 3338 2438 3396 nundinae.

468 3418 701 3478 Etenim
743 3440 869 3496 quae
910 3441 1002 3478 res
1042 3421 1283 3497 egestati
1324 3432 1384 3479 et
1423 3422 1522 3480 aeri
1565 3421 1753 3479 alieno
1792 3430 1910 3491 tuo,
1951 3428 2155 3496 praeter
2195 3427 2442 3474 mortem

369 3497 441 3550 40
469 3496 737 3569 Caesarie,
766 3499 1070 3558 subvenire
1095 3500 1408 3575 potuisset?

547 3575 767 3636 Nescio
830 3579 968 3653 quid
1036 3579 1408 3638 conturbatus
1473 3577 1615 3636 mihi
1667 3597 1794 3636 esse
1845 3573 2076 3634 videris.
2157 3573 2218 3630 N
2221 3572 2442 3647 unquid

470 3655 768 3726 subtimes,
796 3675 872 3714 ne
914 3657 987 3714 ad
1028 3665 1085 3712 te
1128 3657 1240 3714 hoc
1286 3657 1508 3714 crimen
1545 3656 1832 3732 pertinere
1858 3654 2163 3712 videatur?
2229 3651 2444 3709 Libero

469 3741 527 3790 te
554 3742 746 3790 metu:
788 3752 958 3792 nemo
984 3735 1181 3792 credet
1218 3753 1504 3809 unquam:
1545 3753 1669 3794 non.
1703 3744 1790 3792 est
1827 3743 1991 3791 tuum
2032 3733 2106 3790 de
2145 3729 2444 3807 republica

470 3807 619 3868 ben&
649 3812 855 3870 mereri
880 3831 893 3868 ε
936 3811 1110 3871 habet
1137 3811 1301 3870 istius
1327 3812 1698 3888 pulcherrimi
1740 3812 1876 3869 facti
1920 3810 2266 3870 clarissimos
2291 3808 2444 3866 viros
