2698 4492
746 305 1021 355 ORATIO
1064 306 1203 356 PRO
1248 308 1528 357 ARCHIA
1573 307 1826 358 POETA.
2295 314 2378 371 95

290 462 349 510 et
374 443 701 509 moderatos
727 458 787 507 et
812 469 1015 527 graves
1042 450 1345 522 exstitisse,
1369 451 1582 510 fateor:
1624 451 1799 509 etiam
1829 452 1970 509 111ud
2001 452 2270 529 adjungo,

290 531 499 607 saepius
542 530 615 585 ad
674 530 907 586 laudem
950 540 1120 604 atque
1161 530 1429 587 virtutem
1485 541 1748 587 naturam
1806 531 1931 587 sine
1986 532 2269 604 doctrina,

289 608 463 685 quam
506 608 632 665 sine
669 608 877 665 natura
908 608 1151 665 valuisse
1180 609 1516 667 doctrinam.
1601 611 1794 685 Atque
1823 610 1975 667 idem
2003 630 2111 687 ego
2139 630 2272 668 con-

290 688 484 760 tendO,
516 685 651 745 cum
696 688 769 762 ad
808 697 1075 744 naturam
1116 687 1388 743 eximiam
1429 699 1598 763 atque
1641 689 1918 746 illustrem
1962 690 2271 747 accesserit

288 768 437 825 ratio
464 767 729 841 q‘uaedam
757 764 1243 839 conformatioque
1271 766 1568 837 doctrinae,
1596 778 1719 823 tum
1748 768 1890 823 illud
1916 768 2114 825 nescio
2131 770 2271 844 quid
2339 764 2376 816 5

288 846 630 922 praeclarum
673 864 743 901 ac
784 844 1075 920 singulare
1115 844 1297 901 solere
1338 842 1647 902 exsistere:
1690 865 1762 903 ex
1801 847 1912 903 hoc
1952 866 2078 904 esse
2115 848 2272 905 hunc

290 943 551 994 numero,
599 941 771 998 quem
828 933 1021 998 patres
1079 922 1256 979 nostri
1311 922 1596 994 viderunt,
1640 924 1897 982 divinum
1959 926 2268 997 hominem,

291 1003 671 1071 Africanum3
716 1021 788 1059 ex
828 1002 938 1060 hoc
979 1002 1047 1058 C.
1092 1000 1356 1071 Laelium,
1386 1000 1452 1058 L.
1485 1002 1746 1073 Furium,
1787 1003 2270 1062 moderatissimos

247 1142 252 1145 ,
291 1082 552 1138 homines
592 1090 651 1138 et
690 1080 1244 1148 continentissimos;
1293 1098 1365 1136 ex
1406 1080 1516 1138 hoc
1557 1081 1927 1137 fortissimum
1966 1083 2169 1153 virum,
2211 1093 2270 1140 et

291 1160 403 1216 illis
458 1159 809 1235 temporibus
863 1158 1277 1228 doctissimum,
1332 1157 1417 1215 M.
1468 1160 1750 1217 Catonem
1817 1160 1980 1217 illum
2033 1180 2266 1231 senem3
2306 1158 2374 1211 10

288 1238 407 1313 qui,
448 1236 729 1313 profecto,
771 1237 820 1295 si
876 1237 1020 1294 nihil
1083 1236 1156 1293 ad
1210 1237 1638 1313 percipiendam
1696 1238 2110 1313 colendamque
2162 1240 2270 1297 vir-

288 1326 470 1374 tutem
524 1316 707 1373 literis
761 1316 1185 1392 adjuvarentur,
1225 1334 1521 1392 nunquam
1561 1336 1622 1373 se
1665 1317 1735 1374 ad
1777 1336 1975 1374 earum
2017 1318 2270 1375 studium

288 1395 683 1452 contulissent.
1330 1440 1334 1444 -

365 1473 551 1534 Quod
588 1474 637 1530 si
672 1494 786 1532 non
824 1474 921 1531 hic
956 1483 1151 1530 tantus
1178 1473 1408 1545 ‚fructus
1446 1475 1862 1545 ostenderetur,
1891 1488 1950 1532 et
1985 1475 2034 1533 si
2070 1496 2142 1534 ex
2177 1476 2268 1534 his

287 1552 497 1609 studiis
522 1552 832 1610 delectatio
858 1553 1326 1628 sola‘peteretur3
1370 1562 1562 1611 tamen
1595 1552 1686 1631 (ut
1711 1554 1936 1633 opinor)
1968 1556 2120 1611 hanc
2149 1556 2269 1613 ani-
2305 1560 2372 1613 15

292 1631 371 1687 mi
404 1628 851 1711 [remissionem]
885 1631 1360 1688 humanissimam
1389 1650 1458 1688 ac
1485 1632 1945 1692 liberalissimam
1980 1633 2268 1709 judicare-
2363 1689 2376 1701 ,

290 1707 384 1763 tis·
467 1707 625 1764 Nam
660 1719 865 1767 caetera
905 1729 1092 1785 neque
1128 1720 1446 1786 temporum
1483 1721 1617 1767 sunt
1651 1729 1838 1784 neque
1880 1721 2110 1768 aetatum
2149 1732 2267 1770 om-

294 1786 477 1856 nium,
520 1806 705 1861 neque
760 1788 1048 1847 locorum:
1110 1789 1237 1845 haec
1296 1788 1489 1845 studia
1530 1790 1976 1846 adolescentiam
2021 1788 2258 1869 [alunt,]

290 1875 649 1921 senectutem
688 1867 995 1937 oblectant,
1026 1868 1312 1924 secundas
1352 1886 1444 1923 res
1483 1879 1708 1938 ornant,
1738 1868 1990 1925 adversis
2016 1869 2262 1945 perfugi-

290 1962 386 1999 um
418 1962 489 2001 ac
516 1944 779 2002 solatium
804 1947 1079 2022 praebent,
1102 1946 1393 2003 delectant
1419 1946 1591 2016 domi,
1622 1965 1736 2004 non
1765 1946 2082 2023 impediunt
2108 1948 2262 2019 foriS,
2295 1950 2368 2004 m

284 2032 623 2097 pernoctant
675 2024 995 2095 nobiscum,
1036 2026 1494 2101 peregrinantur,
1535 2026 1902 2087 rusticantur.
1983 2024 2165 2087 Quod
2213 2027 2263 2084 si

286 2101 393 2177 ipsi
422 2102 548 2159 haec
568 2122 754 2177 neque
786 2102 1065 2180 attingere
1086 2123 1271 2180 neque
1294 2123 1465 2161 sensu
1486 2114 1678 2162 nostro
1697 2115 1928 2182 gustare
1947 2125 2261 2181 possemus,

285 2191 480 2237 tamen
510 2200 581 2237 ea
608 2182 804 2239 mirari
832 2182 1191 2254 deberemuS,
1221 2182 1398 2240 etiam
1427 2180 1560 2240 cum
1592 2184 1652 2241 in
1680 2183 1808 2240 aliis
1829 2183 2173 2256 videremus.

362 2259 537 2317 VIII.
606 2261 763 2322 Quis
803 2261 1060 2320 nostrum
1103 2272 1218 2319 tam
1262 2262 1455 2320 animo
1496 2264 1705 2339 agresti
1749 2282 1818 2320 ac
1858 2264 2002 2321 duro
2042 2265 2168 2335 fuit,
2198 2274 2263 2323 ut

285 2338 490 2397 Roscii
518 2341 699 2397 morte
727 2359 908 2416 nuper
935 2361 1049 2398 non
1086 2343 1580 2398 commoveretur?
1622 2343 1718 2417 qui
1749 2339 1882 2398 cum
1911 2352 2061 2398 esset
2087 2362 2264 2401 senex
2295 2351 2366 2405 25

284 2429 559 2488 mortuuS,
583 2429 816 2489 damen,
857 2430 1081 2496 propter
1128 2417 1518 2476 excellentem
1551 2430 1729 2477 artem
1773 2438 1843 2476 ac
1883 2431 2260 2493 venustatem,

284 2497 584 2554 videbatur
630 2498 865 2555 omnino
916 2499 1059 2556 mori
1113 2517 1228 2555 non
1283 2497 1566 2555 debuisse.
1651 2499 1808 2575 Ergo
1861 2497 1957 2555 ille
2011 2501 2261 2574 corporis

283 2586 440 2633 motu
484 2585 707 2632 tantum
746 2595 996 2634 amorem
1032 2576 1143 2634 sibi
1176 2575 1517 2634 conciliarat
1555 2596 1590 2634 a
1623 2577 1789 2634 nobis
1814 2576 2111 2647 omnibus3
2156 2598 2259 2636 nos

286 2655 605 2712 animorum
635 2654 1003 2713 incredibiles
1030 2666 1215 2713 motus
1242 2655 1708 2730 celeritatemque
1737 2655 2096 2732 ingeniorum
2125 2677 2261 2734 neg-

284 2733 573 2810 ligemus?
640 2732 891 2795 Quoties
931 2754 1040 2811 ego
1093 2735 1250 2792 hunc
1303 2733 1584 2792 Archiam
1624 2735 1761 2806 vidi,
1811 2735 2058 2812 judices,
2103 2734 2258 2813 (utar
2291 2741 2364 2796 30

282 2813 438 2868 enim
480 2812 669 2868 vestra
710 2813 1085 2889 benignitate,
1128 2814 1399 2889 quoniam
1443 2833 1556 2884 me,
1602 2815 1661 2870 in
1705 2815 1815 2872 hoc
1860 2831 2002 2872 novo
2044 2834 2258 2891 genere

282 2890 537 2961 dicendi,
567 2900 684 2947 tam
713 2891 1018 2968 diligenter
1048 2892 1368 2971 attenditis)
1399 2893 1618 2967 quoties
1645 2912 1753 2970 ego
1779 2893 1936 2951 hunc
1963 2893 2100 2964 vidi,
2123 2893 2259 2952 cum

281 2969 508 3026 literam
562 2969 880 3046 scripsisset
932 2971 1170 3042 nullam,
1225 2989 1500 3047 magnum
1560 2991 1864 3029 numerum
1915 2973 2257 3048 optimorum

282 3066 550 3104 versuum
594 3049 665 3105 de
706 3049 797 3105 his
837 3049 973 3126 ipsis
1014 3050 1185 3106 rebus
1225 3063 1352 3124 quae
1406 3059 1528 3106 tum
1585 3061 1908 3127 agerentur,
1951 3051 2146 3109 dicere
2187 3071 2258 3109 ex

281 3128 567 3202 tempore!
610 3127 831 3202 quoties
859 3138 1187 3186 revocatum
1229 3129 1474 3186 eandem
1501 3148 1621 3204 rem
1651 3129 1865 3200 dicere,
1895 3131 2258 3187 commutatis
2289 3133 2362 3188 35
2457 3149 2463 3162 ’

281 3205 470 3281 verbis
500 3215 668 3281 atque
696 3207 1027 3265 sententiis!
1071 3225 1197 3282 quae
1224 3205 1360 3265 vero
1392 3207 1662 3264 accurate
1695 3206 2056 3284 cogitateque
2085 3211 2259 3284 scrip-

278 3284 467 3353 sisset,
496 3303 568 3342 ea
608 3285 694 3343 sic
735 3284 851 3342 vidi
889 3287 1136 3362 probari,
1166 3295 1231 3342 ut
1268 3285 1340 3346 ad
1377 3295 1632 3342 veterum
1661 3286 1998 3363 scriptorum
2025 3285 2258 3343 laudem

240 3363 659 3438 ’pervenirent
744 3363 923 3422 Hunc
964 3384 1073 3440 ego
1127 3384 1243 3422 non
1284 3365 1567 3440 diligam?
1635 3384 1750 3421 non
1793 3363 2080 3421 admirer'l
2139 3383 2256 3424 non

278 3441 435 3498 omni
464 3442 685 3500 ratione
713 3443 1140 3500 defendendum
1166 3443 1402 3520 putem'l

360 3521 541 3594 Atqui
589 3520 675 3578 sic
718 3541 752 3578 a
791 3521 1030 3578 summis
1083 3521 1410 3579 hominibus
1465 3519 1976 3596 eruditissimisque
2034 3522 2258 3599 accepi·
2289 3522 2360 3577 40

225 3630 234 3639 ·
280 3617 427 3668 muS,
470 3609 809 3656 caeterarum
857 3619 1048 3658 rerum
1090 3599 1300 3670 studia,
1343 3609 1402 3656 et
1442 3598 1724 3670 doctrina,
1754 3609 1812 3656 et
1850 3601 2168 3679 praeceptis,
2199 3612 2258 3660 et

282 3689 403 3734 arte
445 3691 707 3735 constare
725 3699 740 3748 ;
783 3683 1014 3754 poetam
1055 3679 1261 3736 natura
1303 3679 1424 3754 ipsa
1455 3678 1664 3748 valere,
1694 3689 1752 3736 et
1791 3679 2001 3737 mentis
2041 3680 2257 3739 viribus

279 3755 540 3824 excitari,
570 3766 628 3813 et
666 3756 830 3831 quasi
872 3757 1065 3815 divino
1103 3755 1352 3833 quodam
1393 3756 1593 3833 spiritu
1634 3756 1839 3816 inflari.
1920 3756 2126 3819 Quare
2153 3779 2258 3817 suo

273 3832 405 3910 jure
445 3844 636 3892 noster
678 3835 774 3893 ille
814 3835 1041 3893 Ennius
1081 3846 1311 3893 sanctos
1353 3835 1598 3912 appellat
1641 3841 1860 3913 poetaS,
1896 3835 2052 3914 quod
2092 3839 2255 3914 quasi
