2698 4492
347 307 429 367 22
887 301 1160 353 ORATIO
1204 303 1274 352 11.
1318 302 1390 352 IN
1436 301 1499 352 L.
1547 301 1974 352 CATILINAM.

448 447 687 506 minime
714 457 853 523 puto
876 446 1384 523 pertimescendoe,
1411 443 1566 521 quod
1609 455 1709 504 aut
1749 445 1962 503 deduci
2009 445 2083 503 de
2114 447 2406 504 sententia

446 536 712 602 possunt;
758 536 875 596 aut,
904 527 951 582 si
978 524 1415 601 permanebunt,
1445 524 1628 600 magis
1655 523 1798 581 mihi
1825 523 2089 582 videntur
2116 534 2246 582 vota
2287 526 2408 584 sac-

448 605 561 662 turi
591 616 791 663 contra
816 604 1249 680 rempublicam,
1277 600 1451 678 quam
1479 621 1640 660 arma
1665 602 1854 660 laturi.

528 681 639 741 IX.
684 684 951 741 Alterum
978 701 1162 759 genus
1189 691 1277 738 est
1308 700 1525 752 eorum,
1553 681 1672 756 qui,
1700 699 2028 757 quanquam
2066 691 2404 759 premuntur

350 777 387 831 5
450 780 563 818 oere
604 762 811 833 aliene,
859 760 1306 818 dominationem
1348 769 1544 817 tamen
1591 769 1962 836 exspectant;
2003 779 2193 819 rerum
2231 762 2404 837 potiri

449 840 643 897 volunt
665 860 679 910 3
723 840 983 910 honoreS,
1011 858 1151 914 quos
1176 838 1372 914 quieta
1399 838 1694 914 republica
1721 838 2044 914 desperant,
2070 840 2402 916 perturbata

449 919 722 994 consequi
762 936 825 976 se
864 937 1027 994 posse
1076 918 1440 975 arbitrantur.
1521 916 1759 978 Quibus
1801 917 1914 975 hoc
1953 919 2404 994 praecipiendum

449 997 693 1068 videtur,
738 1016 919 1055 unum
966 996 1191 1055 scilicet
1230 1006 1290 1053 et
1328 996 1504 1066 idem,
1545 995 1698 1070 quod
1741 995 1965 1054 caeteris
2003 997 2290 1067 omnibuS‚
2337 1007 2402 1054 ut

448 1076 769 1153 desperent,
811 1095 874 1134 se
927 1076 1007 1147 id,
1047 1065 1200 1152 quod
1253 1083 1555 1144 conantur,
1597 1074 1872 1148 consequi
1913 1093 2110 1150 posse:
2149 1073 2402 1151 primum

352 1171 422 1224 10
448 1156 723 1226 omnium,
766 1173 859 1212 me
900 1154 1085 1229 ipsum
1124 1152 1384 1229 vigilare,
1427 1153 1646 1222 adesse,
1687 1152 1982 1227 providere
2035 1154 2400 1229 reipublicae:

448 1234 679 1304 deinde,
708 1251 946 1308 magnos
974 1232 1194 1288 animos
1218 1249 1346 1288 esse
1384 1231 1445 1288 in
1472 1230 1636 1287 bonis
1675 1230 1830 1300 viris,
1859 1249 2130 1308 magnam
2169 1251 2404 1289 concor-

449 1311 625 1381 diam,
654 1310 962 1366 maximam
988 1305 1436 1379 multitudinem,
1464 1327 1705 1384 magnas
1743 1318 2020 1384 praeterea
2045 1311 2240 1385 copias
2277 1310 2404 1366 mil-

450 1388 627 1458 itum3
671 1388 827 1445 Deos
853 1387 1100 1462 denique
1128 1386 1478 1445 immortales
1505 1387 1643 1444 huic
1672 1387 1884 1444 invicto
1908 1388 2134 1464 populo,
2158 1388 2405 1446 clarissi-

448 1484 544 1524 mo
569 1466 825 1542 imperio,
864 1465 1262 1542 pulcherrimae
1303 1465 1454 1536 urbi,
1496 1475 1696 1522 contra
1734 1475 1952 1522 tantam
1993 1466 2107 1522 vim
2147 1467 2400 1538 sceleris,

354 1559 421 1612 15
448 1555 757 1621 praesentes
786 1544 1061 1602 auxilium
1088 1563 1214 1601 esse
1241 1544 1472 1601 laturos
1551 1542 1735 1605 Quod
1763 1543 1812 1600 si
1833 1543 1953 1618 jam
1989 1545 2104 1602 sint
2143 1545 2222 1616 id,
2249 1546 2400 1620 quod

450 1641 585 1682 cum
612 1641 835 1681 summo
861 1623 1050 1681 furore
1078 1623 1338 1698 cupiunt,
1369 1621 1596 1699 adepti3
1638 1641 1777 1679 num
1806 1621 1908 1693 illi,
1926 1623 1988 1680 in
2005 1623 2200 1680 cinere
2223 1624 2402 1695 urbis,

448 1711 507 1760 et
533 1703 815 1779 sanguine
842 1702 1056 1760 civium
1087 1701 1240 1778 (quae
1268 1710 1462 1758 mente
1489 1700 1881 1758 conscelerata
1911 1718 1981 1758 ac
2019 1702 2241 1759 nefaria
2269 1721 2405 1759 con-

450 1781 803 1859 cupierunt),
823 1800 884 1838 se
902 1780 1167 1838 consules
1185 1799 1255 1837 ac
1271 1780 1600 1849 dictatoreS,
1631 1789 1730 1836 aut
1755 1779 1931 1835 etiam
1958 1799 2143 1856 reges,
2173 1790 2404 1856 sperant

450 1859 708 1917 futuros?
763 1859 899 1917 Non
940 1859 1137 1916 vident
1176 1858 1236 1914 id
1276 1877 1339 1915 se
1381 1876 1611 1934 cupere,
1652 1857 1804 1933 quod
1843 1857 1894 1914 si
1935 1859 2126 1934 adepti
2166 1858 2400 1927 fuerint,

350 1947 421 2001 20
450 1937 691 2013 fugitivo
718 1937 893 1994 alicui
924 1946 1021 1994 aut
1047 1936 1352 2012 gladiatori
1379 1935 1623 1993 concedi
1650 1936 1725 1992 sit
1751 1939 2033 1994 necesse'l

529 2014 798 2072 Tertium
826 2034 1011 2091 genus
1027 2023 1115 2072 est
1132 2023 1297 2071 aetate
1320 2013 1440 2090 jam
1460 2014 1750 2084 affectum,
1779 2015 1880 2070 sed
1901 2023 2098 2072 tamen
2125 2014 2405 2072 exercita-

450 2093 607 2150 tione
632 2094 962 2162 robustum;
1002 2111 1116 2168 quo
1142 2111 1213 2149 ex
1244 2111 1458 2168 genere
1486 2102 1573 2150 est
1620 2091 1740 2168 ipse
1784 2091 2059 2164 Manlius,
2104 2093 2200 2150 cui
2241 2112 2404 2151 nunc

448 2171 707 2228 Catilina
732 2170 1009 2228 succedit.
1079 2169 1162 2227 Hi
1190 2180 1323 2228 sunt
1351 2170 1611 2228 homines
1637 2189 1710 2228 ex
1735 2170 1807 2227 iis
1834 2170 2072 2228 coloniis
2092 2190 2232 2246 quas
2263 2169 2405 2248 [Fe-

448 2251 615 2331 sulis]
650 2251 813 2308 Sulla
840 2250 1172 2320 constituit3
1215 2270 1359 2326 quas
1385 2269 1494 2326 ego
1535 2249 1831 2307 universas
1875 2251 2088 2307 civium
2117 2270 2241 2307 esse
2260 2251 2404 2326 opti-

342 2335 420 2393 25
448 2348 689 2402 morum,
719 2340 778 2388 et
818 2329 1248 2388 fortissimorum
1279 2329 1548 2399 virorum,
1577 2328 1793 2385 sentio:
1835 2330 1938 2385 sed
1964 2339 2157 2386 tamen
2180 2329 2238 2386 hi
2266 2340 2404 2387 sunt

447 2408 656 2481 coloni,
681 2409 779 2486 qui
808 2429 890 2480 se,
919 2410 981 2467 in
1010 2408 1311 2484 insperatis
1357 2406 1782 2483 repentinisque
1827 2408 2108 2482 pecuniis,
2150 2417 2404 2483 sumptu-

444 2486 603 2545 osius
629 2485 1079 2563 insolentiusque
1101 2487 1412 2563 jactarunt.
1496 2484 1599 2556 Hi,
1627 2486 1766 2542 dum
1793 2486 2098 2556 aedificant,
2127 2496 2403 2560 tanquam

447 2565 622 2637 beati,
642 2568 779 2623 dum
796 2566 1045 2642 praediis,
1066 2565 1313 2635 lecticiS‚
1331 2562 1566 2621 familiis
1592 2563 1837 2639 magniS,
1867 2564 2142 2622 conviviis
2170 2583 2403 2639 appara-

446 2644 539 2713 tis,
568 2644 948 2712 delectantur,
978 2644 1038 2699 in
1066 2651 1290 2699 tantum
1319 2661 1398 2699 aes
1426 2641 1678 2699 alienum
1705 2642 2052 2713 inciderunt,
2070 2652 2152 2713 ut,
2181 2642 2230 2700 si
2257 2642 2399 2701 salvi

294 2783 300 2788 ,
346 2736 421 2791 30
446 2738 573 2777 esse
600 2720 795 2791 velint,
826 2719 990 2777 Sulla
1016 2720 1089 2776 sit
1132 2720 1203 2776 iis
1249 2719 1322 2776 ab
1381 2719 1580 2777 inferis
1622 2720 1976 2777 excitandus,
2056 2721 2184 2781 Qui
2223 2720 2400 2778 etiam

446 2798 752 2855 nonnullos
796 2806 1067 2873 agrestes,
1113 2798 1373 2855 homines
1415 2806 1617 2855 tenues
1659 2807 1826 2873 atque
1865 2809 2120 2875 egenteS,
2164 2799 2224 2855 in
2265 2817 2403 2856 ean-

448 2876 581 2933 dem
610 2876 767 2933 illam
794 2895 953 2951 spem
980 2875 1309 2952 rapinarum
1351 2886 1608 2933 veterum
1652 2876 2014 2951 impulerunt.
2094 2877 2262 2937 Quos
2289 2896 2401 2953 ego

444 2964 733 3029 utrosque,
749 2954 1035 3025 Quirites,
1066 2954 1125 3012 in
1154 2955 1359 3012 eodem
1385 2973 1598 3030 genere
1623 2954 2002 3029 praedatorum
2030 2956 2401 3030 direptorum-

445 3051 557 3107 que
583 3052 747 3109 pono.
819 3033 937 3090 Sed
964 3052 1062 3091 eos
1089 3033 1199 3091 hoc
1225 3051 1463 3091 moneo:
1507 3032 1773 3089 desith
1801 3033 2008 3104 furere,
2029 3052 2098 3089 ac
2123 3034 2400 3109 proscrip-

344 3124 417 3179 35
444 3111 630 3169 tiones
647 3121 705 3169 et
721 3112 1036 3170 dictaturas
1053 3112 1323 3187 cogitare.
1408 3110 1637 3168 Tantus
1654 3110 1810 3168 enim
1827 3111 2052 3170 illorum
2079 3121 2397 3186 temporum

445 3189 602 3248 dolor
631 3190 853 3248 inustus
881 3200 968 3247 est
995 3188 1233 3259 civitati,
1259 3199 1323 3246 ut
1343 3188 1464 3263 jam
1492 3188 1603 3245 ista
1641 3208 1756 3245 non
1784 3187 1952 3247 modo
1982 3189 2262 3260 homines,
2292 3191 2396 3247 sed

442 3289 518 3328 ne
543 3270 797 3346 pecudes
824 3269 1058 3344 quidem
1084 3267 1227 3325 mihi
1252 3286 1502 3342 passurae
1530 3286 1656 3323 esse
1683 3267 1998 3324 videantur.

521 3348 599 3406 X.
656 3348 951 3411 Quartum
978 3366 1161 3424 genus
1188 3354 1275 3403 est
1302 3343 1442 3402 sane
1471 3345 1713 3415 varium,
1743 3354 1800 3402 et
1826 3345 2086 3415 mixtum,
2116 3354 2174 3402 et
2200 3344 2397 3402 turbu-

442 3426 694 3497 lentum3
736 3428 831 3503 qui
855 3425 1197 3503 jampridem
1214 3434 1583 3500 premuntur3
1625 3423 1722 3498 qui
1751 3442 2044 3497 nunquam
2061 3433 2392 3498 emergent3

344 3512 416 3565 40
444 3504 562 3577 qui,
579 3506 785 3579 partim
814 3505 1041 3574 inertia,
1059 3503 1265 3579 partim
1293 3501 1445 3558 male
1465 3501 1718 3577 gerendo
1733 3502 1979 3578 negotio,
1996 3502 2203 3576 partim
2219 3501 2396 3558 etiam

444 3580 781 3654 sumptibus,
811 3582 871 3638 in
913 3592 1105 3638 vetere
1149 3600 1260 3638 aere
1306 3579 1495 3636 alieno
1536 3579 1839 3636 vacillant:
1881 3580 2000 3654 qui,
2033 3580 2394 3651 vadimoniis,

454 3657 709 3734 judiciis,
736 3658 1241 3733 proscriptionibus
1268 3657 1565 3726 bonorum,
1594 3657 1913 3733 defatigati,
1939 3657 2205 3733 permulti
2239 3666 2297 3713 et
2323 3676 2396 3714 ex

444 3733 602 3793 Urbe
629 3744 687 3793 et
713 3756 783 3793 ex
812 3735 965 3811 agris
992 3754 1053 3791 se
1082 3736 1141 3792 in
1170 3736 1269 3792 illa
1296 3744 1488 3791 castra
1531 3733 1790 3792 conferre
1823 3736 2112 3793 dicuntur.
2196 3734 2396 3793 Hosce

444 3833 555 3891 ego
604 3833 719 3873 non
772 3823 891 3872 tam
943 3812 1155 3871 milites
1198 3831 1382 3883 acres,
1425 3810 1599 3888 quam
1641 3812 1989 3873 inficiatores
2031 3812 2234 3885 lentOS,
2267 3832 2397 3873 esse
