2698 4492
320 280 435 343 136
934 282 1207 333 ORATIO
1251 280 1327 332 m
1375 282 1450 333 M.
1499 279 1906 332 ANTONIUM.

414 434 680 483 oneraret
734 424 955 483 alienis.
1034 424 1194 487 Quis
1244 426 1403 483 enim
1443 444 1640 483 meum
1680 426 1742 483 in
1783 424 1952 481 istius
2006 421 2401 500 gloriosissimi

418 503 557 561 facti
612 504 971 563 conscientia
1024 524 1235 563 nomen
1291 506 1554 563 audivit?
1611 505 1781 581 cujus
1836 514 2048 574 autem,
2090 502 2188 578 qui
2230 502 2289 559 in
2331 521 2404 559 eo

416 600 658 640 numero
697 583 917 655 fuisset,
958 602 1169 641 nomen
1210 594 1297 641 est
1334 584 1737 642 occultatum?
1804 581 2182 640 Occultatum
2223 581 2402 643 dico'l

418 660 584 736 cujus
636 680 753 720 non
793 662 987 719 statim
1013 663 1444 754 divulgatum?
1513 661 1706 720 Citius
1745 662 2008 732 dixerim,
2044 661 2296 750 jactasse
2337 679 2403 718 se

351 744 388 798 5
420 739 659 814 aliquos,
688 751 753 799 ut
792 741 970 799 fuisse
1010 742 1071 801 in
1113 742 1223 799 ista
1264 742 1542 800 societate
1581 742 1930 811 viderentur,
1961 741 2059 814 qui
2101 739 2244 797 socii
2283 759 2404 796 non

420 818 680 892 fuissent,
710 818 884 895 quam
910 830 977 879 ιιι
1003 820 1305 896 quisquam
1332 821 1513 879 celari
1539 821 1728 891 vellet,
1757 820 1855 895 qui
1884 820 2100 877 fuisset.

495 865 699 959 Quam
742 882 1049 957 verisimile
1086 898 1255 976 porro
1296 909 1404 971 est,
1447 900 1508 957 in
1548 910 1632 957 tot
1671 898 2018 969 hominibus,
2058 897 2268 973 partim
2304 897 2406 955 ob-

418 977 623 1048 scuris,
649 978 860 1054 partim
900 979 1364 1037 adolescentibus
1403 978 1696 1037 neminem
1732 978 2177 1048 occultantibuS‚
2207 995 2404 1033 meum

418 1074 629 1115 nomen
670 1057 850 1115 latere
888 1058 1185 1134 potuisse?
1252 1058 1509 1129 Etenim,
1537 1058 1586 1114 si
1629 1068 1892 1115 auctores
1931 1057 2004 1113 ad
2039 1056 2404 1113 liberandam

320 1144 389 1199 10
418 1136 663 1211 patriam
703 1137 1167 1195 desiderarentur
1206 1137 1321 1195 illis
1363 1136 1714 1226 auctoribus,
1755 1134 1964 1193 Brutos
2003 1154 2112 1210 ego
2152 1135 2407 1209 impelle·

418 1233 562 1285 rem,
605 1234 847 1289 quorum
901 1225 1142 1291 uterque
1194 1214 1263 1273 L.
1306 1215 1473 1273 Bruti
1515 1216 1828 1291 imaginem
1869 1214 2124 1289 quotidie
2163 1214 2405 1285 videret,

421 1292 562 1349 alter
604 1294 780 1351 etiam
822 1294 1073 1351 Ahalae‘t
1141 1293 1255 1350 His
1294 1294 1472 1371 igitur
1530 1294 1844 1370 majoribus
1893 1293 2026 1363 orti,
2069 1293 2144 1350 ab
2199 1293 2406 1349 alienis

416 1369 607 1467 potius
660 1371 965 1429 consilium
1017 1382 1296 1449 peterent,
1353 1370 1528 1446 quam
1583 1391 1618 1429 a
1671 1373 1838 1429 suis?
1905 1382 1965 1429 et
2012 1338 2154 1441 ’foris
2193 1369 2404 1447 potiuS,

419 1447 593 1525 quam
634 1450 845 1507 domo?
904 1450 1117 1512 Quid?
1179 1451 1248 1509 C.
1280 1451 1539 1522 Cassius,
1571 1451 1630 1508 in
1671 1470 1742 1509 ea
1785 1451 2004 1508 familia
2045 1460 2232 1521 natus,
2276 1470 2406 1524 quae

322 1532 391 1587 15
416 1543 535 1586 non
562 1526 733 1586 modo
764 1528 1141 1601 dominatum,
1170 1531 1274 1587 sed
1314 1550 1390 1587 ne
1429 1530 1744 1606 potentiam
1781 1530 2033 1604 quidem,
2063 1530 2407 1606 cujusquam

420 1607 569 1667 serre
620 1608 823 1683 potuit,
866 1627 961 1666 me
1014 1619 1309 1667 auctorem
1354 1608 1583 1687 (credo)
1631 1608 2008 1666 desideravit:
2066 1608 2185 1683 qui,
2227 1608 2406 1665 etiam

420 1687 545 1745 sine
587 1687 677 1744 his
717 1687 1053 1745 clarissimis
1092 1688 1247 1760 viris,
1290 1689 1444 1745 hanc
1497 1707 1620 1746 rem
1675 1688 1736 1745 in
1791 1688 2024 1759 Cilicia,
2069 1688 2142 1744 ad
2194 1688 2406 1745 ostium

420 1765 678 1824 fluminis
718 1766 911 1843 Cydni
952 1767 1316 1839 confecisset,
1344 1767 1397 1825 si
1437 1767 1535 1825 ille
1577 1767 1650 1824 ad
1679 1784 1808 1825 eam
1835 1766 2038 1844 ripam,
2068 1785 2242 1841 quam
2271 1786 2406 1824 con-

420 1846 704 1916 stituerat,
745 1864 861 1903 non
904 1846 978 1903 ad
1019 1847 1388 1917 contrariam,
1429 1865 1606 1903 naves
1647 1845 1973 1937 appulisset
2055 1845 2164 1903 Cn.
2208 1844 2408 1903 Domi-

318 1926 392 1981 20
420 1923 567 1980 tium
594 1944 709 1981 non
748 1924 927 2000 patris
963 1924 1247 1997 interitus,
1278 1924 1583 1983 clarissimi
1610 1924 1736 1995 viri,
1765 1944 1881 1983 non
1923 1924 2192 1982 avunculi
2232 1942 2404 1995 mors,

420 2021 537 2059 non
583 2002 845 2078 spoliatio
897 2003 1215 2079 dignitatis,
1266 2004 1337 2061 ad
1394 2005 1850 2080 recuperandam
1901 2003 2247 2075 libertatem,
2301 1970 2404 2061 sed

422 2098 555 2137 mea
596 2081 928 2152 auctoritaS,
970 2082 1287 2139 excitavit?
1356 2082 1454 2139 An
1497 2083 1566 2140 C.
1610 2082 1908 2141 Trebonio
1951 2102 2062 2159 ego
2104 2082 2404 2160 persuasi?

422 2158 519 2217 cui
560 2178 634 2217 ne
674 2160 919 2218 suadere
959 2160 1193 2235 quidem
1235 2180 1410 2217 ausus
1447 2180 1652 2218 essem.
1733 2161 1876 2223 Quo
1915 2163 2090 2219 etiam
2131 2161 2406 2237 majorem

422 2238 476 2296 ei
507 2239 846 2331 respublica
886 2238 1133 2317 gratiam
1174 2240 1365 2329 debet,
1407 2240 1505 2317 qui
1546 2240 1872 2299 libertatem
1910 2240 2100 2317 populi
2149 2239 2406 2298 Romani

315 2323 393 2411 2⁵.
422 2319 595 2376 unius
662 2319 931 2378 amicitiae
997 2321 1320 2396 praeposuit,
1341 2321 1756 2397 depulsorque
1824 2320 2168 2391 dominatus,
2230 2317 2407 2394 quam

389 2399 726 2476 particeps,
756 2419 885 2457 esse
924 2399 1145 2458 maluit.
1229 2400 1329 2457 An
1371 2399 1438 2457 L.
1469 2398 1685 2456 Tillius
1712 2399 1948 2458 Cimber
1977 2417 2070 2456 me
2097 2409 2186 2457 est
2214 2408 2408 2456 aucto-

422 2497 546 2554 rem
572 2480 853 2536 secutus?
894 2497 1066 2554 quem
1094 2499 1203 2556 ego
1230 2479 1416 2569 magis
1446 2479 1653 2536 secisse
1695 2477 1852 2534 illam
1893 2497 2014 2535 rem
2054 2497 2182 2535 sum
2227 2478 2408 2536 admi·

422 2566 599 2627 ratus,
643 2555 817 2633 quam
872 2558 1159 2616 facturum
1211 2557 1424 2634 putavi.
1510 2557 1848 2615 Admiratus
1903 2576 2030 2613 sum
2085 2567 2278 2614 autem
2330 2557 2408 2614 ob

423 2654 553 2692 eam
595 2655 853 2702 causam
894 2635 1050 2710 quod
1098 2637 1398 2694 immemor
1450 2633 1884 2707 beneficiorum,
1927 2654 2143 2692 memor
2183 2636 2405 2711 petriae,

320 2721 395 2774 30
423 2713 641 2770 fuisset.
722 2714 891 2776 Quid
918 2715 1061 2771 duos
1091 2715 1383 2786 ServiliOS,
1414 2715 1634 2772 Cascas
1671 2715 1884 2786 dicam,
1916 2733 1990 2772 an
2028 2715 2292 2773 Ahalas?
2347 2725 2408 2772 et

422 2791 525 2848 hos
569 2792 909 2849 auctoritate
961 2811 1091 2848 mea
1134 2811 1337 2850 censes
1379 2793 1658 2851 excitatos
1696 2792 1905 2869 potiuS,
1949 2812 2122 2867 quam
2164 2793 2407 2852 caritate

423 2869 799 2945 reipublicae?
868 2871 1134 2946 Longum
1176 2881 1262 2927 est
1298 2872 1574 2962 persequi
1609 2883 1882 2930 caeteros:
1926 2872 2098 2946 idque
2138 2872 2408 2948 reipubli-

423 2967 507 3006 cae
534 2948 895 3023 praeclarum,
926 2949 1101 3006 fixisse
1128 2958 1247 3006 tam
1274 2951 1515 3020 multos3
1560 2951 1696 3026 ipsis
1723 2952 2047 3028 gloriosum.

502 3026 647 3084 XII.
718 3028 819 3098 At,
847 3028 1331 3102 quemadmodum
1372 3048 1466 3087 me
1507 3031 1834 3106 coarguerit
1869 3032 2038 3088 homo
2067 3039 2291 3101 acutuS,
2320 3050 2409 3088 re-

320 3118 393 3172 35
424 3107 759 3164 cordamini.
844 3113 881 3140 “
902 3106 1135 3164 Caesare
1176 3107 1536 3178 interfecto,”
1570 3110 1775 3183 inquit,
1806 3116 1842 3143 ‘⁴
1865 3109 2058 3166 statim
2099 3119 2406 3166 cruentum

425 3185 539 3244 alte
582 3185 859 3244 extollens
913 3186 996 3243 M.
1040 3185 1253 3244 Brutus
1304 3188 1635 3264 pugionem,
1679 3188 2026 3246 Ciceronem
2067 3189 2407 3246 nominatim

424 3265 785 3338 exclamavit,
818 3277 988 3342 atque
1028 3265 1083 3324 ei
1124 3277 1523 3342 recuperatam
1559 3267 1884 3325 libertatem
1913 3277 2001 3324 est
2027 3268 2403 3344 gratulatuS.'’

424 3346 545 3404 Cur
574 3345 716 3403 mihi
743 3344 1148 3422 potissimum?
1209 3344 1366 3422 quod
1408 3347 1708 3404 sciebam?
1771 3347 1944 3417 Vide,
1973 3365 2048 3403 ne
2091 3346 2188 3403 illa
2221 3360 2408 3404 'causa

424 3425 596 3482 fuerit
646 3425 969 3501 appellandi
1015 3443 1127 3496 me,
1158 3424 1333 3500 quod,
1378 3423 1514 3483 cum
1561 3444 1684 3484 rem
1726 3427 1998 3502 gessisset
2045 3425 2407 3483 consimilem

322 3509 395 3563 40
423 3504 596 3559 rebus
624 3503 695 3560 iis
721 3523 864 3578 quas
905 3504 1025 3580 ipse
1066 3522 1377 3579 gesseram,
1407 3523 1502 3562 me
1541 3503 1901 3580 potissimum
1941 3514 2182 3562 testatus
2209 3514 2315 3574 est,
2345 3525 2408 3562 se

424 3581 695 3637 aemulum
751 3601 1011 3640 mearum
1070 3583 1307 3641 laudum
1356 3584 1656 3640 exstitisse.
1740 3582 1840 3640 Tu
1884 3593 2097 3654 autem,
2148 3583 2407 3640 omnium

423 3658 776 3730 stultissime,
805 3680 920 3718 non
948 3660 1241 3738 intelligis,
1270 3662 1319 3718 si
1363 3662 1440 3734 id,
1470 3664 1622 3736 quod
1662 3681 1755 3720 me
1799 3663 2011 3740 arguiS,
2042 3663 2286 3720 voluisse
2325 3663 2404 3720 in·

423 3737 608 3794 terfici
670 3737 981 3810 Caesarem,
1024 3741 1245 3798 crimen
1306 3741 1416 3811 sit3
1486 3742 1680 3812 etiam,
1723 3741 1978 3799 laetatum
2039 3740 2166 3799 esSe
2225 3752 2408 3800 morte

424 3815 693 3887 Caesaris,
722 3816 943 3875 crimen
982 3821 1153 3876 esse'l
1218 3817 1388 3880 Quid
1435 3821 1591 3878 enim
1639 3819 1876 3879 interest
1918 3821 2069 3880 inter
2113 3839 2407 3879 suasorem
