2698 4492
336 294 453 355 112
724 355 730 361 .
831 288 1106 341 ORATIO
1150 289 1291 340 PRO
1334 290 1398 340 Τ.
1443 288 1674 339 ANNIO
1715 289 2016 340 MILONE.

430 436 576 497 nihil
631 435 966 506 delectaret,
1020 434 1172 510 quod
1228 443 1329 492 aut
1365 452 1470 511 per
1509 443 1778 492 naturam
1819 434 1906 493 sas
1945 442 2117 506 esset,
2173 440 2276 491 aut
2311 454 2420 511 per

431 516 593 593 leges
618 515 837 573 liceret.

512 594 631 651 Sed
684 592 824 668 quid
876 612 987 670 ego
1040 593 1452 670 argumentor?
1520 592 1661 668 quid
1710 592 1878 667 plura
1931 590 2202 667 disputo?
2301 593 2418 662 Te,

429 673 511 735 Q.
556 672 769 743 Petilli,
820 672 1063 749 appelle,
1111 670 1392 748 optimum
1439 681 1498 729 et
1539 671 1911 729 fortissimum
1953 670 2177 741 civem3
2220 680 2298 744 te,
2329 673 2414 731 M.

368 758 405 811 5
432 753 599 824 Cato,
640 760 851 820 testor3
894 769 1037 826 quos
1076 750 1218 807 mihi
1259 750 1456 807 divina
1496 750 1760 825 quaedam
1801 770 1922 809 sors
1975 749 2136 807 dedit
2167 751 2414 827 judices.

430 832 552 890 Vos
578 850 652 889 ex
698 829 781 887 Μ.
812 830 1070 888 Favonio
1118 828 1378 901 audistis,
1407 829 1678 886 Clodium
1726 828 1836 887 sibi
1877 828 2108 900 dixisse,
2137 840 2198 887 et
2226 830 2436 889 audis-¹

430 911 525 982 tis„
552 910 681 968 vivo
708 908 934 981 Clodio,
976 909 1293 985 periturum
1341 876 1625 966 Milonem
1651 907 1858 966 triduo.
1941 907 2102 966 Post-
2117 909 2274 967 diem
2301 920 2418 969 ter-

428 990 577 1047 tium
604 998 767 1067 gesta
792 1006 887 1046 res
930 998 1039 1059 est,
1086 986 1260 1062 quam
1308 988 1546 1046 dixerat.
1629 986 1786 1045 Cum
1827 988 1924 1045 ille
1965 1007 2079 1045 non
2126 988 2418 1048 dubitaret

434 1068 676 1144 aperire,
706 1068 845 1145 quid
874 1069 1173 1145 cogitaret,
1202 1086 1301 1125 vos
1324 1066 1562 1158 potestis
1588 1065 1873 1137 dubitare,
1903 1065 2041 1141 quid
2069 1066 2315 1125 fecerit?

338 1148 405 1201 10
511 1147 714 1206 XVII.
780 1146 1293 1208 Quemadmodum
1322 1146 1496 1222 igitur
1525 1163 1658 1203 eum
1699 1145 1825 1202 dies
1851 1164 1966 1203 non
2007 1145 2253 1204 fefellit?
2295 1147 2414 1205 dixi

432 1226 701 1302 equidem
748 1225 937 1284 modo.
1021 1224 1335 1293 Dictatoris
1377 1223 1665 1283 Lanuvini
1707 1233 1855 1281 stata
1895 1224 2182 1282 sacrificia
2221 1224 2413 1297 misse,

432 1305 649 1381 negotii
690 1303 833 1361 nihil
888 1312 1027 1361 erat.
1138 1302 1321 1374 Vidit,
1377 1322 1616 1361 necesse
1669 1322 1797 1361 esse
1845 1303 2074 1374 Miloni,
2127 1305 2413 1379 proficisci

432 1382 760 1440 Lanuvium
790 1382 929 1439 illo
914 1401 1056 1457 ipso,
1086 1400 1199 1456 quo
1223 1382 1516 1457 profectus
1557 1392 1663 1453 est,
1693 1383 1825 1440 die:
1870 1382 2062 1457 itaque
2093 1384 2436 1441 antevertit..

434 1462 516 1519 At
542 1480 657 1535 quo
682 1460 821 1518 die'l
864 1478 977 1535 quo
1007 1460 1099 1537 (ut
1128 1459 1260 1517 ante
1290 1461 1437 1540 dixi)
1488 1461 1856 1518 insanissima
1901 1461 2106 1519 concio
2135 1462 2249 1518 ab
2236 1462 2416 1537 ipsius

337 1552 405 1605 15
432 1539 795 1598 mercenario
831 1539 1066 1598 tribuno
1108 1540 1294 1616 plebis
1334 1550 1423 1597 est
1463 1541 1791 1598 concitata:
1855 1559 2024 1615 quem
2080 1541 2234 1597 diem
2295 1541 2413 1612 ille,

432 1638 607 1695 quam
650 1618 1009 1690 concionem,
1040 1638 1181 1694 quos
1228 1620 1279 1677 cl
1287 1638 1528 1690 amores
1575 1619 1687 1676 nisi
1732 1620 1802 1676 ad
1833 1619 2146 1696 cogitatum
2189 1620 2416 1677 facinus

413 1706 857 1775 ⁰approperaret,
886 1716 1183 1774 nunquam
1210 1698 1551 1773 reliquisset.
1636 1698 1792 1774 Ergo
1829 1698 1916 1755 illi
1955 1716 2030 1755 ne
2073 1717 2251 1755 causa
2289 1698 2417 1774 qui·-

432 1779 564 1836 dem
620 1777 864 1849 itineriS,
920 1778 1097 1835 etiam
1120 1810 1127 1815 -
1150 1795 1331 1835 causa
1371 1776 1682 1835 manendi:
1726 1775 1934 1834 Miloni
1975 1777 2248 1837 manendi
2287 1777 2416 1835 nul-

431 1856 490 1914 la
530 1857 795 1929 facultas,
838 1856 1089 1915 exeundi
1142 1876 1257 1914 non
1311 1875 1491 1913 causa
1531 1855 1736 1927 solum,
1791 1856 1892 1913 sed
1935 1855 2109 1913 etiam
2163 1856 2416 1929 necessi-

332 1939 405 1996 20
432 1944 521 1992 tas
562 1935 685 1993 fuit.

508 2013 717 2074 Quid?
758 2013 827 2083 si,
857 2022 923 2071 ut
966 2013 1065 2071 ille
1112 2012 1298 2084 scivit,
1348 2012 1629 2072 Milonem
1675 2014 1796 2072 fore
1837 2034 1910 2073 eo
1947 2013 2042 2071 die
2083 2012 2144 2071 in
2185 2014 2298 2087 viii,
2327 2014 2416 2073 sic

432 2091 703 2150 Clodium
732 2090 882 2149 Milo
907 2110 982 2149 ne
1010 2092 1290 2167 suspicari
1320 2093 1553 2167 quidem
1580 2094 1807 2167 potuit?

512 2169 774 2229 Primum
819 2189 1033 2246 quaero,
1090 2168 1188 2245 qui
1230 2171 1382 2229 scire
1427 2172 1717 2248 potuerit?
1789 2171 1941 2248 quod
1993 2191 2094 2229 vos
2141 2171 2295 2230 idem
2349 2172 2411 2231 in

432 2251 641 2309 Clodio
665 2269 924 2326 quaerere
951 2269 1065 2308 non
1092 2251 1344 2327 potestis.
1427 2251 1507 2309 Ut
1533 2253 1690 2309 enim
1735 2252 2028 2309 neminem
2075 2252 2270 2322 alium,
2299 2252 2412 2310 nisi

332 2335 404 2390 25
434 2331 509 2389 T.
556 2329 844 2401 Patinam,
890 2330 1402 2388 familiarissimum
1445 2349 1634 2401 suum,
1688 2331 1964 2408 rogasset,
2021 2330 2170 2388 scire
2207 2332 2410 2406 potuit,

434 2411 531 2468 illo
558 2409 682 2486 ipso
708 2410 803 2468 die
832 2409 1081 2468 Lanuvii
1116 2429 1151 2467 a
1178 2409 1460 2468 dictatore
1507 2409 1728 2467 Milone
1767 2410 1930 2484 prodi
1979 2409 2272 2467 flaminem
2312 2430 2413 2467 ne-

432 2509 597 2548 cesse
624 2509 769 2548 esse.
854 2489 973 2547 Sed
1010 2498 1176 2547 erant
1219 2488 1491 2565 permulti
1540 2488 1656 2560 alii,
1687 2508 1757 2546 ex
1798 2489 2006 2563 quibus
2048 2488 2108 2546 id
2135 2488 2409 2546 facillime

432 2569 583 2626 scire
649 2577 874 2644 posset3
941 2587 1141 2626 omne·
1194 2569 1422 2626 scilicet
1481 2567 1784 2624 Lanuvini.
1894 2566 2041 2626 Milo
2092 2569 2164 2625 de
2219 2567 2410 2625 Clodii

431 2647 620 2704 reditu
669 2647 825 2704 unde
868 2647 1168 2721 quaesivit‘e
1247 2646 1566 2708 Quaesierit
1609 2645 1788 2703 sane:
1830 2645 2039 2717 videte,
2088 2645 2224 2721 quid
2255 2647 2411 2704 vobis

332 2727 403 2780 30
432 2725 683 2800 largiar:
725 2743 953 2782 servum
981 2724 1159 2782 etiam
1191 2723 1283 2800 (ut
1329 2725 1558 2796 Arrius,
1586 2745 1752 2782 meus
1796 2727 2036 2797 amicuS,
2071 2725 2239 2801 dixit)
2288 2745 2412 2782 cor-

431 2803 665 2877 ruperit.
767 2802 973 2879 Legite
1027 2803 1353 2860 testimonia
1406 2804 1638 2860 testium
1691 2814 2021 2861 vestrorum.
2123 2803 2285 2861 Dixit
2335 2804 2406 2861 C.

432 2881 755 2952 Cassinim,
800 2891 1180 2957 cognomento
1234 2881 1428 2953 Scola,
1484 2881 1866 2953 Interamnas,
1913 2881 2407 2953 familiarissimuS,

430 2971 490 3018 et
518 2959 671 3016 idem
704 2979 897 3017 comes
941 2960 1003 3017 P.
1036 2959 1247 3031 Clodii,
1296 2959 1490 3037 (cujus
1531 2961 1872 3037 jampridem
1923 2961 2250 3019 testimonio
2275 2961 2408 3019 Clo-

432 3040 561 3096 dius
588 3039 795 3096 eadem
843 3039 983 3095 hora
1030 3037 1378 3096 Interamnae
1427 3039 1631 3111 fuerat,
1661 3049 1719 3097 et
1765 3041 2000 3120 Romae)
2045 3039 2108 3097 P.
2139 3040 2408 3097 Clodium

329 3121 401 3176 35
432 3119 529 3176 illo
582 3118 677 3176 die
734 3117 792 3175 in
848 3117 1081 3175 Albano
1133 3136 1468 3175 mansurum
1522 3119 1734 3189 fuisse3
1791 3119 1893 3176 sed
1947 3118 2135 3176 subit&
2182 3119 2237 3176 ei
2283 3138 2408 3176 esse

428 3197 777 3268 nuntiatum,
822 3195 1041 3272 Cyrum
1092 3196 1472 3254 architectum
1515 3217 1641 3256 esse
1687 3208 2006 3268 mortuum3
2065 3198 2258 3273 itaque
2285 3197 2408 3254 Ro-

428 3297 583 3336 mam
611 3273 847 3354 repente
898 3275 1263 3334 constituisse
1308 3277 1620 3352 proficisci.
1697 3276 1860 3335 Dixit
1888 3277 2018 3349 hoc,
2049 3296 2242 3335 comes
2266 3276 2407 3336 item

427 3356 491 3416 P.
522 3357 737 3428 Clodii,
764 3357 835 3414 C.
867 3355 1124 3414 Clodius.

506 3437 745 3494 XVIII.
828 3434 1059 3508 Videte,
1102 3434 1349 3511 judices,
1380 3445 1608 3510 quantae
1656 3455 1748 3492 res
1775 3433 1866 3492 his
1912 3435 2254 3493 testimoniis
2295 3433 2410 3492 sint

326 3518 397 3572 40
428 3513 724 3572 confectae.
807 3513 1088 3585 Primum,
1138 3512 1296 3571 certe
1344 3514 1621 3572 liberatur
1675 3513 1840 3584 Milo,
1889 3534 2039 3572 non
2052 3534 2123 3571 eo
2167 3514 2410 3572 consilio

424 3593 715 3668 profectus
742 3613 889 3664 esse,
918 3603 983 3649 ut
1010 3592 1377 3650 insidiaretur
1427 3592 1486 3650 in
1533 3593 1626 3649 via
1673 3560 1914 3663 Clodio;
1969 3593 2178 3683 quippe
2226 3592 2324 3667 qui
2352 3593 2408 3650 ei

424 3671 625 3728 obvius
668 3672 895 3728 futurus
934 3673 1169 3729 omnino
1210 3691 1326 3729 non
1375 3681 1514 3729 erat.
1599 3672 1829 3730 Deinde
1866 3671 2008 3748 (non
2037 3671 2192 3730 enim
2220 3673 2406 3743 video,

425 3768 530 3806 cur
557 3769 671 3806 non
702 3767 893 3806 meum
922 3769 1147 3824 quoque
1178 3769 1343 3826 agam
1373 3751 1696 3840 negotium)
1729 3750 1908 3822 scitiS,
1932 3751 2179 3827 judices,
2210 3751 2407 3824 fuisse,

424 3827 543 3905 qui,
572 3828 633 3886 in
662 3829 773 3886 hac
800 3828 1095 3904 rogatione
1124 3829 1444 3901 suadenda,
1494 3829 1774 3902 dicerent,
1806 3797 2044 3887 Milonis
2089 3849 2268 3888 manu
2297 3849 2410 3888 οω-
