2698 4492
283 287 366 346 90
836 285 1109 336 ORATIO
1151 285 1292 335 PRO
1335 284 1617 334 ARCHIA
1662 284 1919 334 POETA.

388 428 563 488 etiam
605 429 724 486 suis
773 423 1082 488 tradituros
1133 449 1260 488 esse
1301 429 1545 487 confido.
1626 427 1881 506 Corpora
1918 447 2055 487 vero
2097 448 2221 501 sua,
2260 449 2367 506 pro

389 509 573 565 salute
601 527 802 585 regum
831 528 1082 580 suorum,
1110 509 1170 566 hi
1210 509 1387 584 legati
1428 507 1534 564 tibi
1574 508 1721 583 regii
1760 508 2013 579 tradunt,
2042 507 2276 582 Hieras,
2304 519 2365 567 et

390 586 732 652 Blesamius.
760 598 818 645 et
859 589 1206 664 Antigonus,
1235 587 1341 645 tibi
1378 587 1655 662 nobisque
1680 587 1947 645 omnibus
1969 587 2192 663 jamdiu
2220 589 2360 659 noti,

391 666 708 740 eademque
748 666 862 724 fide
901 677 961 724 et
1002 668 1207 724 virtute
1244 666 1520 742 praeditus
1559 665 1865 740 DorylfiuS,
1892 667 1991 741 qui
2018 686 2199 742 nuper
2227 685 2363 724 cum

319 739 357 792 5
392 743 576 802 Hiera
615 744 840 820 legatus
877 755 966 803 est
997 746 1079 803 ad
1119 755 1176 802 te
1217 745 1443 815 missus,
1472 754 1593 801 tum
1624 763 1825 820 regum
1855 745 2211 817 amicissimi,
2238 756 2363 802 tum

388 823 494 880 tibi
533 823 728 894 etiam,
771 835 834 882 ut
887 844 1069 901 spero,
1108 823 1347 900 probati.
1431 823 1683 898 Exquire
1723 825 1797 880 de
1850 823 2157 894 Blesamio,
2200 842 2364 882 num-

387 902 526 978 quid
569 902 639 959 ad
681 921 876 978 regem
917 915 1119 962 contra
1158 902 1499 979 dignitatem
1552 912 1709 958 tuam
1758 902 2064 978 scripserit.
2150 903 2362 960 Hieras

388 981 619 1057 quidem
661 1001 897 1040 causam
936 1001 1166 1041 omnem
1205 981 1463 1057 suscipit,
1492 990 1550 1037 et
1591 981 1930 1038 criminibus
1958 981 2070 1039 illis
2097 1001 2199 1058 pro
2223 1001 2360 1058 rege

389 1080 452 1119 se
507 1061 770 1137 supponit
823 1081 1019 1120 reum:
1081 1061 1416 1118 memoriam
1475 1069 1636 1116 tuam
1692 1058 1971 1136 implorat,
2028 1061 2141 1136 quii
2207 1061 2362 1117 vales

286 1137 355 1190 10
387 1137 732 1218 plurimum:
773 1151 949 1218 negat
975 1159 1227 1215 unquam
1265 1159 1326 1196 se
1369 1157 1404 1195 a
1442 1148 1501 1195 te
1542 1138 1602 1195 in
1643 1137 1903 1195 Deiotari
1930 1139 2241 1196 tetrarchia
2268 1159 2363 1214 pe·

279 1203 370 1250 Ὺ
391 1221 522 1276 dem
550 1219 915 1278 discessisse:
958 1220 1020 1276 in
1046 1219 1245 1295 primis
1271 1217 1485 1274 finibus
1510 1217 1616 1275 tibi
1660 1235 1723 1274 se
1762 1227 1967 1294 praesto
1995 1218 2169 1275 fuisse
2198 1219 2358 1288 dicit,
2454 1251 2464 1262 ·

389 1317 570 1373 usque
611 1297 685 1354 ad
725 1297 955 1354 ultimos
991 1306 1392 1372 prosecutum:
1435 1293 1569 1353 cum
1598 1315 1633 1353 e
1660 1296 1866 1353 balneo
1904 1296 2138 1367 exisses,
2166 1307 2359 1354 tecum

389 1395 451 1432 se
481 1375 675 1445 fuisse,
703 1372 840 1432 cum
867 1376 966 1433 illa
993 1394 1235 1432 munera
1261 1375 1602 1450 inspexisses
1642 1387 1920 1445 coenatus,
1950 1373 2085 1433 cum
2115 1376 2171 1433 in
2204 1375 2361 1432 cubi-

389 1454 522 1512 culo
561 1453 956 1523 recubuisses3
999 1454 1357 1528 eandemque
1400 1453 1790 1510 assiduitatem
1828 1453 1933 1511 tibi
1960 1473 2023 1511 se
2048 1455 2359 1531 praebuiss'e

285 1529 354 1584 15
388 1532 675 1609 postridie.
756 1532 1173 1603 Quamobrem,
1216 1532 1264 1589 si
1303 1531 1441 1608 quid
1498 1551 1715 1602 eorum,
1756 1550 1882 1606 quae
1936 1532 2165 1608 objecta
2208 1541 2358 1603 sunt,

391 1612 703 1688 cogitatum
750 1611 841 1682 sit,
886 1631 1001 1670 non
1044 1621 1293 1682 recusat,
1339 1611 1479 1686 quin
1528 1610 1587 1666 id
1641 1609 1867 1668 facinus
1908 1629 2075 1668 suum
2114 1611 2356 1686 judices.

385 1690 707 1762 Quocirca,
735 1690 848 1748 Cai
889 1690 1106 1763 Caesar,
1135 1688 1657 1760 velim-existimes,
1687 1689 1962 1747 hodierno
1999 1688 2095 1747 die
2136 1700 2361 1746 senten·

388 1770 530 1828 tiam
568 1778 748 1840 tuam,
792 1779 891 1826 aut
931 1789 1067 1826 cum
1121 1787 1347 1826 summo
1401 1768 1685 1825 dedecore
1726 1765 2102 1825 miserrimam
2141 1779 2360 1844 pestem

389 1847 818 1924 importaturam
846 1867 972 1905 esse
983 1847 1245 1924 regibus,
1269 1857 1370 1904 aut
1388 1846 1736 1904 incolumem
1758 1846 1969 1903 samam
1992 1865 2125 1904 cum
2142 1847 2357 1917 salute3

281 1929 354 1983 20
388 1945 628 2002 quorum
659 1927 899 1984 alterum
924 1931 1142 2002 optare,
1165 1927 1392 1984 illorum
1414 1925 1771 1983 crudelitatis
1797 1935 1885 1982 est
1906 1945 1921 1997 3
1965 1926 2207 1983 alterum
2229 1945 2363 1984 con·

389 2023 636 2072 servare,
665 2001 986 2063 clementiae
1014 2015 1145 2062 tuae.

1150 2368 1606 2453 ORATIO

1313 2551 1431 2590 PRO

565 2670 664 2767 A.
747 2670 1176 2745 LICINIO
1265 2669 1697 2749 ARCHIA
1779 2668 2177 2745 POETA.

467 3021 515 3079 I.
579 3022 646 3081 S1
688 3023 826 3098 quid
867 3020 978 3083 est*
994 3024 1054 3083 in
1094 3042 1188 3082 me
1227 3022 1468 3100 ingenii,
1500 3022 1747 3099 judices,
1776 3026 1926 3099 quod
1966 3024 2153 3085 sentio
2188 3021 2371 3100 quam.

389 3102 463 3159 sit
489 3104 794 3180 exiguum3
839 3114 938 3161 aut
976 3104 1027 3161 si
1067 3122 1180 3179 qua
1220 3102 1558 3161 exercitatio
1597 3104 1850 3174 dicendi,
1881 3106 1941 3163 in
1976 3106 2091 3181 qua
2127 3122 2219 3160 me
2247 3122 2363 3159 non

388 3180 614 3241 inficior
655 3183 1019 3242 mediocriter
1059 3202 1186 3241 esse
1227 3194 1549 3251 versatum3
1594 3192 1692 3239 aut
1733 3184 1781 3240 si
1823 3184 2065 3260 hujusce
2100 3184 2184 3241 rei
2218 3181 2363 3239 ratio

281 3274 355 3328 25
390 3262 600 3338 aliqua,
647 3264 720 3321 ab
761 3264 1102 3339 optimarum
1151 3262 1361 3320 artium
1400 3262 1605 3319 studiis
1634 3280 1704 3319 ac
1740 3262 2046 3339 disciplina
2086 3262 2362 3339 profecta,

392 3358 426 3397 a
451 3342 565 3417 qua
593 3361 701 3420 ego
727 3343 948 3401 nullum
977 3342 1250 3401 confiteor
1291 3342 1474 3399 aetatis
1514 3360 1657 3398 meae
1696 3351 1921 3417 tempus
1964 3340 2361 3409 abhorruisse3

389 3439 588 3478 earum
615 3441 806 3479 rerum
849 3422 1104 3481 omnium
1133 3421 1220 3480 vel
1267 3421 1326 3479 in
1362 3420 1562 3497 primis
1590 3421 1687 3478 hic
1714 3421 1789 3478 A.
1819 3420 2085 3479 Licinius
2113 3420 2365 3478 fructum

390 3516 425 3554 a
470 3518 564 3556 me
605 3512 861 3577 repetere
903 3500 1076 3578 prope
1125 3520 1230 3559 suo
1269 3500 1400 3577 jure
1447 3499 1634 3559 debet.
1716 3498 1893 3574 Nam,
1922 3498 2109 3575 quoad
2156 3497 2366 3574 longis-

266 3636 273 3643 ,
389 3575 533 3633 sime
562 3588 744 3653 potest
783 3600 946 3638 mens
985 3599 1117 3639 mea
1155 3580 1441 3656 respicere
1481 3580 1727 3655 spatium
1764 3578 2037 3655 praeteriti
2074 3576 2364 3653 temporis,

283 3666 356 3721 30
389 3665 448 3712 et
485 3656 742 3730 pueritiae
783 3659 1116 3719 memoriam
1157 3658 1447 3717 recordari
1488 3658 1768 3733 ultimam,
1812 3657 1946 3716 inde
1987 3676 2167 3733 usque
2207 3674 2361 3731 repe-

331 3774 341 3780 -
389 3745 536 3805 tens,
566 3735 721 3793 hunc
761 3737 926 3795 video
965 3738 1107 3797 mihi
1145 3737 1483 3813 principem,
1514 3747 1572 3795 et
1613 3738 1685 3795 ad
1725 3737 2150 3814 suscipiendam
2192 3745 2250 3792 et
2292 3734 2365 3790 ad

391 3813 826 3891 ingrediendam
864 3816 1144 3875 rationem
1186 3818 1388 3874 horum
1432 3818 1769 3889 studiorum,
1798 3816 2099 3874 exstitisse.
2179 3812 2365 3875 Quod
