2698 4492
303 291 388 352 ω
883 287 1157 339 ORATIO
1199 288 1340 338 PRO
1386 287 1463 338 M.
1504 287 1922 338 MARCELLO.

483 435 774 494 Parumne
821 433 1015 510 igitur,
1053 431 1300 506 inquies,
1343 430 1587 508 gloriam
1632 448 1905 507 magnam
1948 430 2339 506 relinquemus
2354 433 2383 490 ‘1

404 512 594 572 Immo
644 510 782 572 vero
837 511 985 582 aliis,
1037 510 1298 585 quamvis
1349 509 1566 579 multis,
1620 509 1791 579 satis;
1832 509 1941 566 tibi
1999 509 2102 568 uni
2158 529 2379 587 parum.

401 590 709 667 Quidquid
735 591 891 650 enim
917 599 1024 660 est,
1051 589 1312 664 quamvis
1356 587 1607 663 amplum
1652 587 1747 658 sit,
1776 588 1836 645 id
1878 586 2037 645 certe
2064 606 2267 664 parum
2293 599 2385 646 est

404 683 547 741 tum,
577 667 711 730 cum
741 679 829 728 est
857 667 1072 744 aliquid
1109 667 1371 743 amplius.
1448 663 1633 728 Quod
1678 666 1729 723 si
1774 684 1967 724 rerum
2008 676 2238 723 tuarum
2280 666 2384 722 im-

337 751 376 805 5
405 749 749 820 mortalium,
795 748 866 806 C.
913 747 1130 816 Coesar,
1173 745 1272 804 hic
1317 744 1505 802 exitus
1558 744 1783 802 futurus
1834 744 1961 815 suit,
2014 754 2099 814 ut,
2140 745 2385 802 devictis

405 827 765 899 adversariis,
793 823 1205 902 rempublicam
1235 823 1296 882 in
1323 843 1395 882 eo
1420 832 1573 880 statu
1594 821 1967 896 relinqueres,
1998 821 2059 880 in
2084 841 2199 897 quo
2224 842 2383 880 nunc

403 915 526 976 est;
568 906 718 978 vide,
747 923 958 981 quaeso,
987 922 1062 960 ne
1103 913 1206 960 tua
1246 902 1442 961 divina
1486 901 1665 958 virtus
1712 899 2103 958 admirationis
2141 901 2273 976 plus
2308 901 2383 958 sit

405 984 690 1056 habitura,
721 982 894 1060 quam
921 981 1152 1060 gloriae:
1195 981 1478 1057 siquidem
1525 979 1709 1056 gloria
1754 988 1841 1036 est
1888 977 2121 1036 illustris
2150 997 2219 1036 ac
2256 998 2384 1054 per-

404 1073 612 1140 vagata
637 1063 946 1122 multorum
987 1070 1046 1118 et
1091 1077 1451 1137 mag-norum,
1495 1057 1584 1114 vel
1632 1057 1693 1114 in
1740 1077 1893 1128 suos,
1920 1056 2007 1114 vel
2030 1056 2091 1114 in
2116 1057 2381 1132 patriam,

308 1141 376 1196 10
404 1141 490 1200 vel
522 1141 582 1199 in
607 1161 778 1200 omne
805 1159 990 1218 genus
1017 1139 1334 1208 hominum,
1365 1137 1519 1195 sama
1544 1135 1895 1194 meritorum.
1958 1153 1963 1158 ·

482 1218 594 1278 lx.
665 1220 814 1278 Haec
843 1219 1016 1296 igitur
1043 1217 1149 1274 tibi
1176 1216 1397 1291 reliqua
1422 1232 1557 1290 pars
1584 1223 1705 1285 est;
1750 1214 1847 1272 hic
1888 1222 2067 1271 restat
2107 1222 2291 1284 actus,
2320 1213 2381 1272 in

405 1297 516 1355 hoc
561 1297 974 1356 elaborandum
1015 1305 1123 1365 est,
1169 1304 1234 1351 ut
1271 1293 1690 1369 rempublicam
1730 1292 2067 1362 constituas,
2094 1291 2276 1366 eaque
2316 1302 2381 1350 tu

404 1375 466 1432 in
491 1375 692 1452 primis
722 1373 1084 1452 [composita‚
1147 1391 1280 1429 cum
1309 1371 1534 1428 summa
1562 1370 1973 1446 tranquillitate
2013 1379 2072 1428 et
2096 1369 2230 1439 otio,
2256 1389 2383 1446 per-

405 1453 596 1511 fruare
620 1472 633 1511 ε
674 1463 798 1510 tum
825 1461 904 1522 te,
932 1451 982 1509 si
1010 1470 1080 1509 vo
1100 1469 1182 1522 es,
1212 1448 1351 1507 cum
1378 1459 1437 1506 et
1460 1449 1680 1525 patriae,
1709 1450 1861 1523 quod
1901 1448 2097 1518 debes,
2124 1447 2379 1521 solveris,

305 1529 375 1583 15
403 1541 464 1589 et
487 1541 754 1590 naturam
781 1530 962 1606 ipsam
991 1529 1306 1604 expleveris
1331 1527 1595 1586 satietate
1622 1527 1871 1599 vivendi,
1888 1527 2029 1585 satis
2048 1528 2147 1585 diu
2173 1527 2381 1586 vixisse

401 1609 597 1668 dicito.
678 1610 847 1672 Quid
889 1619 976 1667 est
1021 1607 1178 1666 enim
1223 1606 1459 1665 omnino
1502 1607 1611 1664 hoc
1658 1605 1844 1682 ipsum
1886 1606 2008 1677 diu,
2038 1607 2100 1664 in
2140 1625 2255 1681 quo
2292 1617 2381 1664 est

406 1689 623 1766 aliquid
651 1699 1003 1758 extremum;
1047 1686 1198 1762 quod
1225 1683 1363 1744 cum
1391 1685 1568 1756 venit,
1594 1683 1783 1742 omnis
1810 1683 2067 1761 voluptas
2090 1686 2381 1762 praeterita

400 1787 504 1844 pro
528 1767 712 1827 nihilo
735 1777 843 1840 est,
873 1766 1010 1842 quia
1033 1775 1232 1842 postea
1259 1764 1421 1822 nulla
1459 1763 1651 1820 futura
1678 1763 1806 1820 est?
1884 1761 2243 1838 Quanquam
2272 1763 2381 1821 iste

401 1857 536 1904 tuus
578 1847 804 1906 animus
843 1863 1140 1920 nunquam
1180 1843 1271 1901 his
1313 1842 1613 1918 angustiis,
1658 1859 1801 1916 quas
1839 1850 2049 1900 natura
2098 1841 2265 1900 nobis
2306 1843 2381 1900 ad

300 1931 376 1985 20
402 1925 708 1982 vivendum
768 1925 949 1997 dedit,
1003 1932 1308 1981 contentus
1365 1920 1503 1991 fiiit;
1561 1938 1899 1996 semperque
1938 1920 2381 1980 immortalitatis

403 2022 596 2061 amore
623 2003 902 2079 flagravit.
2211 2034 2217 2043 ·

479 2081 540 2138 N
543 2101 614 2139 ec
640 2080 776 2138 verb
805 2081 933 2139 haec
959 2089 1060 2138 tua
1087 2079 1204 2136 vita
1230 2077 1500 2135 ducenda
1526 2086 1633 2149 est,
1662 2096 1788 2152 quae
1830 2095 2064 2154 corpore
2092 2086 2150 2135 et
2176 2078 2379 2156 spiritu

403 2159 768 2218 continetur.·
843 2158 974 2229 Illa,
1027 2158 1146 2229 illa,
1201 2157 1456 2231 inquam,
1509 2157 1627 2214 vita
1678 2165 1767 2213 est
1818 2165 1937 2228 tua,
1994 2175 2120 2230 quoe
2162 2157 2377 2234 vigebit

367 2236 679 2298 'memoria
725 2237 1068 2297 saeculorum
1112 2235 1404 2306 omnium3
1447 2254 1619 2312 quam
1670 2234 1971 2312 posteritas
2024 2235 2158 2307 alet,
2203 2256 2377 2312 quam

298 2322 372 2379 25
403 2318 524 2394 ipsa
551 2318 840 2377 aeternitas
886 2336 1108 2394 semper
1151 2314 1422 2374 tuebitur.
1506 2314 1667 2373 Huic
1710 2325 1773 2372 tu
1816 2313 2112 2385 inservias,
2142 2314 2279 2372 huic
2318 2324 2377 2373 te

399 2407 672 2469 ostentes,
723 2406 975 2475 oportet:
1043 2414 1170 2472 quae
1224 2394 1477 2470 quidem,
1532 2413 1659 2469 quae
1726 2394 1985 2465 miretur,
2035 2393 2377 2469 jampridem

400 2478 582 2535 multa
609 2477 818 2547 habet3
861 2494 1039 2547 nunc,
1069 2475 1245 2533 etiam
1271 2494 1399 2549 quae
1425 2474 1641 2543 laudet,
1670 2480 1979 2547 exspectat.
2060 2470 2378 2547 Obstupes-

401 2565 538 2613 cent
576 2554 787 2632 posteri
835 2553 1015 2625 certe,
1044 2552 1303 2631 imperia,
1349 2551 1692 2629 provincias,
1721 2551 2019 2622 Rhenum,
2046 2548 2375 2623 Oceanum,

399 2632 624 2705 Nilum,
664 2652 890 2710 pugnas
933 2631 1401 2701 innumerabileS,
1430 2630 1799 2687 incredibiles
1850 2628 2135 2701 victorias,
2179 2649 2377 2688 monu-

296 2720 369 2775 30
400 2722 596 2769 menta
621 2712 944 2781 innumera,
971 2710 1288 2785 triumphos
1315 2709 1614 2766 audientes
1640 2718 1699 2765 et
1732 2708 1989 2785 legentes
2008 2718 2151 2766 tuos.
2235 2710 2373 2781 Sed,

398 2789 512 2847 nisi
539 2791 666 2847 haec
693 2789 832 2846 urbs
857 2788 1112 2845 stabilita
1137 2787 1252 2844 tuis
1280 2786 1537 2843 consiliis
1563 2796 1620 2844 et
1668 2787 1942 2845 institutis
1988 2787 2115 2858 erit,
2144 2788 2376 2865 vagabi-

398 2877 492 2925 tur
519 2866 690 2925 modo
717 2884 929 2924 nomen
957 2875 1120 2921 tuum
1147 2862 1318 2941 longe
1351 2874 1521 2938 atque
1560 2863 1711 2936 late3
1754 2867 1949 2924 sedem
1990 2866 2225 2940 quidem
2265 2876 2376 2924 sta·-

399 2946 576 3003 bilem
621 2956 681 3003 et
722 2943 1080 3003 domicilium
1134 2953 1357 3001 certum
1397 2963 1512 3001 non
1553 2944 1802 3002 habebit.
1884 2944 2031 3015 Erit,
2088 2944 2236 3004 inter
2276 2965 2374 3003 eos

398 3024 575 3082 etiam
613 3024 713 3098 qui
755 3032 1088 3093 nascentur,
1133 3022 1280 3079 sicut
1325 3021 1475 3079 inter
1517 3042 1621 3080 nos
1667 3022 1793 3094 fuit,
1820 3041 2035 3099 magna
2072 3024 2371 3095 dissensi0,

295 3109 366 3163 35
398 3102 536 3161 cum
564 3103 662 3160 alii
689 3100 958 3160 laudibus
988 3100 1060 3157 ad
1089 3100 1298 3158 coelum
1326 3120 1419 3158 res
1446 3111 1574 3157 tuas
1620 3110 1813 3177 gestas
1851 3100 2109 3172 efferent,
2140 3102 2238 3159 alii
2267 3103 2374 3159 for-

397 3191 548 3240 tasse
577 3181 793 3257 aliquid
821 3180 1132 3255 requirent,
1161 3178 1336 3254 idque
1364 3180 1451 3236 vel
1500 3178 1833 3251 maximum,
1861 3179 1973 3238 nisi
2021 3180 2157 3238 belli
2186 3181 2373 3237 civilis

397 3261 734 3320 incendium
790 3260 975 3318 salute
1033 3258 1232 3337 patriae
1291 3257 1657 3328 restinxeris3
1718 3267 1783 3315 ut
1837 3258 1979 3316 illud
2032 3257 2136 3315 fati
2197 3258 2373 3317 fuisse

396 3339 675 3412 videatur,
705 3341 816 3399 hoc
843 3338 1086 3399 consilii.
1171 3337 1334 3395 Servi
1382 3336 1555 3413 igitur
1604 3336 1674 3394 iis
1720 3337 1895 3394 etiam
1932 3336 2245 3412 judicibus,
2272 3336 2371 3413 qui

395 3419 591 3477 multis
615 3418 746 3496 pdst
791 3419 1018 3477 saeculis
1063 3419 1137 3475 de
1183 3427 1240 3475 te
1280 3416 1645 3493 judicabunt,
1674 3424 1733 3473 et
1774 3415 2005 3491 quidem
2046 3416 2201 3472 haud
2230 3416 2370 3487 scie,

295 3500 366 3554 40
397 3515 472 3554 an
499 3496 903 3574 incorruptius
931 3496 1103 3573 quam
1131 3516 1267 3553 nos:
1310 3513 1445 3553 nam
1472 3504 1531 3551 et
1573 3495 1698 3552 sine
1748 3513 1938 3551 amore
1965 3503 2024 3551 et
2050 3494 2175 3552 sine
2216 3495 2373 3571 cupi-

395 3574 595 3646 ditate,
623 3586 682 3632 et
724 3595 920 3634 rursus
965 3576 1089 3633 sine
1133 3575 1266 3632 odio
1310 3584 1370 3632 et
1408 3574 1534 3630 sine
1576 3572 1812 3644 invidia,
1854 3572 2215 3649 judicabunt.
2299 3573 2371 3630 Id

397 3662 591 3709 autem
617 3654 792 3710 etiam
820 3654 870 3710 si
896 3663 1037 3711 tunc
1065 3654 1138 3709 ad
1166 3663 1223 3709 te
1253 3652 1345 3729 (ut
1372 3652 1606 3727 quidam
1635 3649 1778 3710 sals&
1818 3653 2050 3730 putant)
2093 3672 2207 3710 non
2244 3672 2372 3727 per-

393 3730 632 3800 tinebit;
673 3750 833 3789 nunc
886 3730 1043 3789 certe
1097 3731 1365 3807 pertinet,
1392 3749 1519 3787 esse
1560 3739 1618 3789 te
1660 3730 1854 3802 talem,
1883 3740 1948 3787 ut
1988 3739 2117 3788 tuas
2168 3731 2371 3787 laudes

393 3808 768 3869 obscuratura
793 3809 954 3867 nulla
979 3827 1232 3885 unquam
1259 3808 1334 3866 sit
1358 3808 1583 3868 oblivio.
