2698 4492
647 268 686 292 N

782 288 1055 339 ORATIO
1099 289 1240 340 PRO
1283 288 1481 339 LEGE
1524 287 1859 338 MANILIA.
2340 287 2423 346 59

343 431 653 509 Jugurtha,
697 432 852 491 idem
897 451 1033 502 curn
1076 433 1351 503 Cimbris,
1396 433 1551 490 idem
1595 450 1731 489 cum
1775 430 2081 503 Teutonis,
2108 431 2324 490 bellum

344 512 783 569 administraret.
868 511 940 569 In
984 512 1106 588 ipso
1149 511 1258 568 Cn.
1289 512 1579 587 Pompei0,
1619 511 1679 568 in
1722 530 1835 586 quo
1876 511 2008 568 novi
2052 511 2323 569 constitui

342 591 487 648 nihil
531 591 650 648 vth
701 590 782 652 Q.
828 591 1093 661 Catulus,
1138 589 1312 664 quam
1366 591 1547 647 multa
1593 590 1709 647 sint
1761 608 1927 660 nova,
1972 591 2197 647 summa
2239 590 2319 652 Q.

344 669 540 727 Catuli
569 670 858 728 voluntate
888 669 1220 739 constituta,
1249 669 1649 726 recordamini.

370 809 378 815 ,
421 747 597 805 XXI.
664 748 833 809 Quid
885 749 1044 805 enim
1095 757 1213 804 tam
1282 765 1513 814 novum,
1565 745 1741 822 quam
1808 746 2321 818 adolescentulum,
2386 743 2422 797 5

341 826 646 902 privatum,
687 827 1005 884 exercitum
1046 825 1270 882 difficili
1324 825 1655 901 reipublicae
1701 835 1954 901 tempore
1995 825 2321 885 conficere?

343 905 630 963 confecit:
687 905 827 962 huic
869 905 1155 980 praeessei
1222 903 1481 979 praefuit.
1468 923 1481 934 ·
1546 923 1665 961 rem
1718 903 1931 979 optime
1987 903 2165 962 ductu
2218 925 2325 963 suo

343 985 586 1058 gerere?
655 983 849 1060 gessit.
947 982 1114 1044 Quid
1169 991 1287 1038 tam
1341 991 1544 1058 praeter
1598 982 2095 1053 consuetudinem,
2148 1002 2323 1058 quam

345 1061 564 1118 homini
603 1061 1079 1152 peradulescenti,
1117 1061 1284 1136 cujus
1332 1079 1367 1117 a
1412 1061 1697 1118 senatorio
1738 1059 1923 1137 gradu
1967 1070 2105 1117 aetas
2150 1059 2321 1137 longe

346 1140 591 1213 abesset,
622 1140 924 1216 imperium
967 1151 1171 1215 atque
1177 1139 1496 1198 exercitum
1525 1138 1690 1196 dari?
1760 1138 2023 1196 Siciliam
2048 1141 2321 1215 permitti,
2354 1141 2423 1196 10

346 1227 517 1292 atque
546 1219 830 1309 Africam,
861 1207 1188 1294 bellumque
1232 1219 1293 1276 in
1336 1218 1421 1276 ea·
1454 1218 2013 1275 administrandum?
2082 1217 2221 1275 Fuit
2262 1219 2323 1276 in

343 1297 434 1354 his
459 1298 768 1373 provinciis
805 1298 1082 1374 singulari
1112 1296 1465 1368 innocentia,
1494 1297 1795 1373 gravitate,
1825 1296 2066 1354 virtute:
2109 1297 2324 1354 bellum

295 1449 300 1452 Ι
343 1375 402 1433 in
433 1376 638 1434 Africa
667 1377 980 1434 maximum
1009 1377 1262 1434 confecit
1278 1396 1292 1446 ;
1335 1376 1611 1435 victorem
1639 1375 1957 1434 exercitum
1990 1375 2321 1452 deportavit.

339 1454 508 1515 Quid
535 1454 670 1513 vero
714 1465 834 1512 tam
877 1455 1221 1526 inauditum,
1250 1453 1426 1532 quam
1468 1455 1721 1530 equitem
1763 1455 2100 1512 Romanum
2125 1455 2325 1513 trium-

339 1534 557 1610 phare'l
615 1545 676 1592 at
729 1553 860 1592 eam
901 1554 1125 1610 quoque
1172 1553 1294 1592 rem
1340 1535 1581 1610 populus
1635 1534 1937 1591 Romanus
1982 1552 2098 1591 non
2151 1533 2321 1592 modo
2358 1540 2423 1594 15

341 1612 504 1683 vidit,
549 1614 651 1671 sed
694 1614 871 1671 etiam
923 1613 1082 1671 omni
1127 1613 1318 1670 studio
1360 1613 1658 1670 visendam
1700 1622 1759 1670 et
1803 1611 2323 1670 concelebrandam

340 1692 578 1767 putavit.
657 1692 826 1753 Quid
869 1702 989 1748 tam
1033 1692 1393 1762 inusitatum,
1422 1689 1595 1766 quam
1638 1701 1721 1762 ut,
1752 1689 1889 1748 cum
1916 1691 2034 1748 duo
2058 1692 2325 1748 consules

344 1769 649 1827 clarissimi
693 1771 1098 1845 fortissimique
1152 1780 1365 1841 essent,
1408 1789 1585 1845 eques
1639 1770 1945 1827 Romanus
1989 1769 2062 1826 ad
2109 1769 2324 1826 bellum

343 1848 658 1905 maximum
725 1849 1425 1924 formidolosissimumque
1489 1868 1627 1944 pro
1658 1848 1894 1906 consule
1960 1848 2323 1905 mitteretur?

343 1926 554 1984 missus
595 1937 698 1985 est.
779 1927 921 1989 Quo
963 1928 1196 2002 quidem
1237 1937 1513 2004 tempore,
1562 1946 1699 1985 cum
1741 1936 1893 1985 esset
1934 1945 2223 1985 nonnemo
2264 1926 2324 1984 in
2351 1928 2425 1982 20

342 2016 567 2078 senatu,
595 2007 693 2082 qui
722 2007 1006 2079 diceret,‘
1013 2007 1185 2065 Non
1211 2016 1471 2083 oportere
1513 2007 1663 2063 mitti
1706 2006 1997 2064 hominem
2041 2005 2325 2082 privatum

341 2103 444 2160 pro
485 2086 771 2156 consule3'
779 2085 904 2143 ’.L
945 2053 1248 2163 Philippus
1290 2085 1503 2143 dixisse
1546 2086 1779 2158 dicitur,
1818 2092 1855 2118 “
1876 2085 2013 2146 Non
2056 2104 2119 2144 se
2162 2084 2325 2142 illum

344 2181 450 2219 sua
474 2131 791 2222 sententia
843 2185 946 2241 pro
999 2165 1254 2235 consule,
1309 2165 1413 2222 sed
1476 2184 1580 2241 pro
1631 2164 1984 2252 consulibuS,
2040 2164 2321 2221 mitterel'

346 2238 544 2299 Tanta
585 2242 677 2299 in·
689 2264 760 2301 eo
802 2244 1131 2319 reipublicae
1175 2242 1326 2301 bene
1376 2243 1642 2319 gerendae
1679 2263 1807 2319 spes
1852 2221 2324 2314 constituebatur,

345 2327 412 2376 ut
437 2321 681 2377 duorum
710 2322 1011 2379 consulum
1053 2341 1264 2379 munus
1311 2322 1485 2379 unius
1529 2322 1909 2380 adolescentis
1936 2322 2131 2378 virtuti
2176 2340 2327 2379 com-
2352 2324 2427 2378 25

346 2398 686 2456 mitteretur.
767 2399 935 2460 Quid
979 2409 1096 2455 tam
1141 2400 1452 2475 singulare,
1481 2398 1654 2474 quam
1698 2410 1780 2470 ut,
1825 2419 1897 2456 ex
1938 2400 2330 2457 senatus-con-

346 2477 514 2547 sulto,
544 2477 772 2553 legibus
804 2478 1040 2547 solutus,
1071 2478 1269 2535 consul
1317 2476 1450 2534 ante
1499 2478 1681 2549 fieret,
1708 2476 1882 2553 quam
1926 2477 2107 2535 ullum
2152 2478 2328 2535 alium

127 2611 133 2620 ,
237 2582 248 2593 -
345 2556 745 2631 magistratum
771 2577 874 2634 per
902 2556 1060 2633 leges
1087 2576 1294 2632 capere
1320 2556 1624 2613 licuisset?
1666 2556 1803 2632 quid
1826 2566 1943 2613 tam
1966 2556 2327 2628 incredibile,

343 2653 517 2710 quam
546 2645 610 2692 ut
651 2634 858 2693 iterum
892 2655 1069 2711 eques
1112 2636 1417 2693 Romanus
1459 2655 1528 2693 ex
1572 2635 2091 2693 senatus-consulto
2132 2636 2331 2692 trium-

341 2714 585 2791 pharet‘l
651 2713 808 2776 Quae
852 2715 912 2772 in
959 2715 1227 2772 omnibus
1274 2714 1603 2772 hominibus
1654 2734 1802 2772 nova
1852 2724 1977 2791 post
2030 2715 2327 2772 hominum
2354 2720 2427 2775 30

345 2793 680 2850 memoriam
725 2794 1039 2851 constituta
1085 2803 1236 2864 sunt,
1282 2812 1355 2851 ea
1378 2803 1518 2850 -tam
1566 2794 1747 2851 multa
1794 2814 1908 2852 non
1951 2803 2103 2865 sunt,
2152 2793 2327 2869 quam

344 2871 490 2942 haec,
519 2891 646 2947 quae
691 2872 752 2929 in
796 2874 907 2931 hoc
950 2892 1067 2931 uno
1109 2873 1340 2931 homine
1378 2873 1643 2931 vidimus,
1726 2874 1921 2948 Atque
1961 2875 2089 2931 haec
2124 2884 2207 2931 tot
2233 2894 2329 2931 ex-

345 2949 552 3026 empla,
583 2960 762 3023 tanta,
793 2971 864 3009 ac
891 2962 1008 3009 tam
1037 2971 1203 3022 nova,
1224 2952 1481 3028 profecta
1508 2963 1641 3009 sunt
1669 2952 1729 3009 in
1757 2953 2007 3010 eundem
2036 2953 2327 3011 hominem

292 3093 299 3100 ι
347 3047 382 3084 a
407 3028 487 3090 Q.
519 3030 736 3100 Catuli,
768 3042 937 3106 atque
980 3050 1014 3087 a
1054 3041 1393 3089 caeterorum
1434 3032 1688 3108 ejusdem
1724 3031 2023 3109 dignitatis
2051 3031 2328 3107 amplissi-

345 3125 566 3164 morum
597 3109 913 3181 hominum,
945 3109 1299 3168 auctoritate.
2353 3112 2426 3167 35

425 3186 634 3245 XXII.
689 3187 895 3249 Quare
923 3189 1174 3260 videant,
1192 3208 1267 3246 ne
1284 3189 1359 3245 sit
1385 3189 1747 3265 periniquum
1775 3198 1833 3247 et
1860 3209 1974 3247 non
2004 3188 2325 3259 ferendum,

347 3264 573 3323 illorum
626 3267 1026 3324 auctoritatem
1073 3268 1146 3325 de
1190 3269 1300 3326 Cn.
1345 3267 1604 3355 Pompeii
1648 3268 1931 3344 dignitate
1973 3267 2133 3323 vobis
2176 3285 2329 3324 com-

345 3345 642 3419 probatam
685 3364 909 3421 semper
951 3366 1110 3416 esse;
1165 3342 1417 3404 vestrum
1462 3347 1534 3404 ab
1578 3346 1692 3403 illis
1734 3345 1807 3402 de
1850 3344 2053 3402 eodem
2096 3345 2327 3403 homine

341 3422 647 3499 judicium,
686 3425 990 3515 populique
1031 3424 1288 3483 Romani
1329 3425 1749 3493 auctoritatem,
1794 3422 2133 3498 improbari:
2187 3443 2328 3499 prae-

347 3502 544 3559 sertim
586 3522 722 3560 cum
757 3502 880 3593 jam
923 3523 1028 3562 suo
1064 3503 1193 3579 jure
1234 3502 1476 3580 populus
1517 3502 1823 3559 Romanus
1858 3506 1919 3558 in
1956 3502 2067 3559 hoc
2094 3502 2325 3561 homine
2336 3508 2426 3561 40

347 3600 510 3638 suam
553 3582 973 3653 auctoritatem,
1016 3582 1102 3639 vel
1147 3592 1347 3640 contra
1381 3600 1581 3638 omnes
1620 3580 1719 3655 qui
1760 3580 2123 3652 dissentiunt,
2150 3582 2327 3657 possit

346 3660 694 3718 defendere·
680 3705 694 3731 ,
749 3672 1049 3738 propterea
1100 3659 1275 3736 quod,
1319 3659 1443 3717 istis
1496 3660 1965 3731 reclamantibuS,
2006 3679 2104 3717 vos
2145 3679 2325 3719 unum

347 3738 510 3796 illum
549 3758 622 3797 ex
659 3740 926 3797 omnibus
963 3740 1277 3816 delegistiS,
1305 3757 1477 3813 quem
1506 3739 1657 3797 bello
1680 3740 2012 3815 praedonum
2038 3758 2326 3815 praepone-

345 3817 500 3875 retis.
585 3817 720 3876 Hoc
759 3819 809 3876 si
846 3838 944 3877 vos
977 3816 1195 3876 temere
1227 3817 1465 3889 fecistiS,
1494 3827 1553 3875 et
1580 3818 1663 3875 rei
1690 3818 1936 3895 publicae
1962 3835 2163 3893 parum
2192 3835 2325 3873 con-
