2698 4492
863 285 1134 346 ORATIO
1181 283 1221 334 1.
1267 283 1344 332 IN
1395 284 1457 333 L.
1492 283 1916 334 CATILINAM.
2390 288 2465 346 15

326 501 330 505 ῃ
415 428 622 487 times?
662 429 996 504 praeclaram
1025 425 1158 485 vero
1201 427 1412 503 populo
1451 427 1721 486 Romano
1760 427 1937 485 refers
1975 426 2239 504 gratiam,
2267 426 2367 503 qui

415 517 492 578 te,
510 508 802 564 hominem
818 526 920 582 per
942 516 998 563 te
1021 506 1338 582 cognitum,
1360 507 1520 563 nulla
1541 506 2040 564 commendatione
2062 505 2363 582 majorum,

415 595 532 642 tam
560 585 782 643 mature
814 587 886 642 ad
914 603 1200 641 summum
1230 585 1532 660 imperium
1556 604 1655 660 per
1682 603 1884 643 omnes
1931 586 2210 642 honorum
2238 602 2367 660 gra-

413 663 524 722 dus
551 664 772 734 extulit,
803 665 872 735 si,
900 672 1128 738 propter
1156 662 1431 719 invidiam
1464 673 1561 720 aut
1584 664 1827 740 alicujus
1854 662 2097 752 periculi
2126 673 2363 732 metum,

415 743 656 799 salutern
687 742 899 799 civium
927 751 1156 798 tuorum
1197 740 1463 836 negligis·
1548 741 1687 812 Sed,
1730 742 1779 798 si
1826 741 1955 816 quis
2000 751 2089 798 est
2132 741 2365 798 invidias
2429 745 2465 798 5

414 833 625 885 metus,
657 839 795 876 num
839 830 928 876 est
965 816 1367 875 vehementius
1412 819 1729 877 severitatis
1778 838 1847 876 ac
1892 819 2241 877 fortitudinis
2282 819 2370 875 in-

415 899 588 969 vidia,
619 917 792 973 quam
821 897 1042 955 inertiae
1071 915 1140 953 ac
1169 896 1460 971 nequitiae,
1488 896 1992 971 pertimescenda?
2075 899 2195 967 An,
2226 915 2365 954 cum

417 976 569 1033 bello
595 975 908 1032 vastabitur
935 974 1124 1043 Italia,
1148 975 1507 1031 vexabuntur
1524 975 1715 1044 urbeS,
1742 984 1898 1032 tecta
1926 975 2227 1046 ardebunt,
2244 984 2368 1032 tum

417 1065 476 1112 te
505 1073 620 1110 non
650 1053 943 1110 existimas
970 1019 1200 1109 invidiae
1229 1053 1503 1110 incendio
1532 1051 2059 1129 conflagraturum.
2038 1054 2109 1096 ’μ’

498 1131 644 1188 XII.
689 1130 802 1187 His
828 1151 936 1208 ego
980 1131 1361 1188 sanctissimis
1403 1131 1737 1206 reipublicae
1785 1131 2042 1202 vocibuS,
2086 1140 2145 1188 et
2170 1148 2367 1189 eorum
2398 1133 2467 1186 10

418 1209 736 1280 hominum,
764 1210 863 1284 qui
904 1210 1058 1267 idem
1101 1209 1377 1279 sentiunt,
1405 1209 1717 1280 mentibuS,
1758 1229 1949 1285 pauca
1988 1209 2366 1289 respondebo·

417 1287 562 1364 Ego,
579 1287 625 1344 si
654 1288 765 1345 hoc
791 1287 1068 1363 optimum
1089 1288 1245 1345 sactu
1267 1252 1613 1363 judicarem,
1636 1287 1837 1345 Patres
1860 1287 2209 1363 Conscripti,
2233 1286 2370 1344 Cat-

415 1366 612 1423 ilinam
641 1376 822 1424 morte
850 1366 1118 1436 multari3
1161 1366 1334 1423 unius
1364 1385 1596 1424 usuram
1636 1366 1791 1423 horae
1831 1366 2135 1442 gladiatori
2172 1365 2267 1422 isti
2296 1366 2368 1422 ad

415 1444 721 1502 vivendum
749 1463 864 1501 non
892 1445 1196 1502 dedissem.
1281 1444 1533 1516 Etenim,
1563 1443 1611 1501 si
1648 1446 1858 1502 summi
1886 1445 2011 1516 viri,
2038 1454 2097 1501 et
2122 1443 2369 1501 clarissi-

407 1523 494 1580 -mi
523 1523 698 1590 (τινες,
724 1522 1042 1593 Saturnini,
1071 1534 1130 1579 et
1149 1523 1570 1594 Gracchorum,
1598 1532 1656 1579 et
1684 1523 1907 1596 Flacci,
1925 1535 1985 1580 et
2010 1522 2368 1608 superiorum
2399 1519 2467 1572 15

417 1601 796 1690 complurium
826 1601 1128 1677 sanguine,
1157 1620 1273 1658 non
1303 1597 1475 1658 modo
1502 1619 1564 1657 se
1592 1620 1707 1658 non
1747 1600 2235 1671 contaminarunt,
2265 1600 2368 1656 sed

417 1679 592 1736 etiam
621 1679 1030 1748 honestarunt3
1075 1677 1233 1736 certe
1263 1678 1407 1736 mihi
1435 1679 1747 1735 verendum
1786 1699 1902 1736 non
1932 1691 2075 1750 erat,
2103 1697 2180 1735 ne
2206 1677 2366 1754 quid,

419 1757 530 1814 hoc
554 1757 846 1832 parricida
874 1757 1086 1813 civium
1109 1755 1432 1826 interfecto,
1461 1756 1689 1812 invidiae
1718 1757 1903 1813 mihi
1889 1777 1949 1814 m
1976 1756 2366 1832 posteritatem

419 1835 782 1892 redundaret.
863 1833 1045 1897 Quod
1075 1834 1123 1891 si
1163 1853 1234 1891 ea
1274 1834 1415 1890 mihi
1445 1832 1693 1890 maxime
1736 1835 2128 1910 impenderet;
2174 1846 2367 1911 tamen

417 1913 530 1970 hoc
561 1913 751 1970 animo
791 1932 1016 1988 semper
1060 1912 1161 1984 fui,
1190 1923 1254 1970 ut
1281 1912 1558 1970 invidiam
1599 1912 1805 1969 virtute
1832 1923 2075 1991 partam,
2104 1912 2365 1989 gloriam,
2394 1919 2467 1972 m

418 2010 536 2049 non
563 1991 859 2062 invidiam,
888 2001 1164 2067 putarem.

481 2068 850 2158 Quanquam
880 2069 1143 2127 nonnulli
1160 2069 1296 2126 sunt
1318 2068 1376 2126 in
1400 2071 1511 2127 hoc
1532 2069 1753 2141 ordine,
1776 2069 1875 2145 qui
1898 2079 1997 2127 aut
2010 2089 2101 2140 ea,
2118 2087 2245 2144 quae
2265 2067 2369 2126 im-

418 2146 660 2217 minent,
690 2167 806 2204 non
835 2148 1101 2214 videant3
1143 2157 1240 2204 aut
1287 2167 1377 2218 ea,
1396 2167 1533 2237 quae
1577 2148 1793 2219 vident,
1822 2148 2223 2217 dissimulent3
2266 2146 2362 2222 qui

404 2243 582 2299 spem
596 2224 865 2281 Catilinas
883 2226 1148 2293 mollibus
1164 2227 1465 2283 sententiis
1488 2227 1772 2297 aluerunt,
1798 2226 2365 2302 conjurationemque

422 2311 778 2372 nascentem,
795 2322 913 2359 non
935 2304 1244 2369 credend0,
1263 2304 1787 2361 corroboraverunt.
1856 2304 2126 2367 Quorum
2145 2315 2368 2361 auctor·
2394 2302 2465 2354 25

421 2378 620 2436 itatem
647 2380 834 2436 secuti
859 2380 1190 2449 multi,·non
1219 2379 1405 2437 solnm
1452 2382 1713 2455 improbi,
1742 2379 1941 2438 verum
1988 2382 2163 2438 etiam
2191 2382 2368 2457 impe-

421 2457 536 2528 riti,
566 2457 615 2513 si
644 2458 704 2515 in
733 2458 891 2515 hunc
920 2458 1466 2529 animadvertissem,
1498 2458 1826 2526 crudeliter,
1856 2468 1914 2515 et
1940 2458 2125 2549 regie·
2150 2460 2368 2517 factum

419 2554 547 2593 esse
571 2536 848 2593 dicerent.
930 2535 1110 2593 Nunc
1138 2535 1415 2611 intelligo,
1444 2537 1492 2594 si
1520 2536 1647 2607 iste,
1674 2534 1788 2611 quo
1816 2536 2081 2608 intendit,
2112 2537 2171 2593 in
2200 2536 2367 2594 Man-

419 2615 576 2672 liana
615 2623 814 2671 castra
831 2614 1174 2690 pervenerit,
1204 2615 1498 2671 neminem
1523 2625 1643 2671 tam
1664 2615 1901 2673 stultum
1929 2616 2067 2686 sore,
2110 2616 2207 2691 qui
2248 2635 2363 2673 non

403 2693 610 2756 ,videat
638 2692 1096 2767 conjurationem
1123 2712 1250 2749 esse
1280 2692 1511 2764 factam,
1542 2692 1831 2751 neminem
1875 2703 1995 2750 tam
2023 2694 2362 2770 improbum,
2393 2690 2463 2743 3⁰

417 2772 516 2847 qui
544 2790 661 2828 non
690 2773 952 2829 fateatur.
1037 2770 1172 2828 Hoc
1202 2779 1395 2827 autem
1422 2791 1541 2829 uno
1568 2771 1891 2842 interfecto,
1922 2772 2180 2849 intelligo
2210 2774 2364 2830 hanc

417 2850 750 2925 reipublicae
777 2860 997 2925 pestem
1023 2848 1311 2924 paulisper
1337 2850 1591 2925 reprimi,
1621 2870 1737 2907 ιιοιι
1761 2850 1821 2907 in
1842 2862 2182 2926 perpetuum
2210 2869 2366 2908 com·

417 2928 606 3002 primi,
635 2947 817 3003 posse.
898 2925 1080 2989 Quod
1109 2926 1170 2985 si
1183 2946 1246 2983 se
1273 2925 1530 3001 ejecerit,
1560 2947 1872 3004 secumque
1920 2949 2052 2987 suos
2080 2929 2361 2999 eduxerit,

419 3016 476 3063 et
503 3003 710 3063 eodem
738 3015 974 3063 caeteros
1002 3005 1254 3077 undique
1283 3005 1560 3063 collectos
1585 3006 1892 3101 naufragos
1931 3006 2361 3084 aggregaverit3

340 3134 344 3141 .
418 3084 824 3173 exstinguetur
843 3094 1012 3158 atque
1033 3082 1336 3155 delebitur,
1360 3103 1479 3141 non
1508 3082 1677 3141 modo
1722 3085 1846 3141 haec
1874 3094 1992 3141 tam
2036 3086 2230 3142 adulta
2257 3086 2363 3141 rei·
2392 3089 2464 3143 35

417 3162 662 3239 publicae
683 3163 878 3237 pestis,
897 3180 1095 3219 verum
1111 3162 1286 3219 etiam
1303 3163 1475 3239 stirps
1489 3181 1558 3219 ac
1571 3180 1769 3219 semen
1792 3162 2070 3219 malorum
2086 3164 2361 3219 omnium.

495 3240 674 3297 XIII.
755 3240 990 3297 Etenim
1025 3240 1267 3315 jamdiu,
1289 3239 1493 3297 Patres
1511 3239 1901 3315 Conscripti,
1888 3259 1947 3295 ιιι
1978 3240 2066 3295 his
2092 3239 2364 3315 periculis

421 3318 830 3393 conjurationis
857 3318 1194 3393 insidiisque
1239 3335 1564 3376 versamur.
1606 3318 1729 3387 sed,
1778 3317 1977 3373 nescio
2019 3336 2131 3391 quo
2171 3328 2358 3393 pact0,

417 3396 674 3453 omnium
701 3396 984 3453 scelerum
1015 3415 1083 3453 ac
1109 3396 1318 3452 veteris
1347 3395 1551 3451 furoris
1577 3404 1635 3451 et
1664 3394 1921 3450 audacias
1972 3396 2271 3453 maturitas
2300 3397 2360 3454 iu

417 3474 596 3531 nostri
625 3474 957 3531 consulatus
983 3484 1208 3548 tempus
1229 3473 1433 3547 erupit.
1514 3470 1696 3533 Quod
1720 3472 1768 3528 si
1790 3490 1863 3528 ex
1878 3482 2037 3531 tanto
2062 3474 2363 3534 latrocinio
2392 3478 2462 3530 40

420 3552 526 3608 iste
568 3569 717 3607 unus
756 3552 1016 3609 tolletur·
1003 3596 1016 3621 ,
1076 3551 1395 3608 videbimur
1444 3550 1681 3606 fortasse
1728 3550 1798 3607 ad
1862 3550 2033 3609 breve
2074 3554 2362 3629 quoddam

421 3640 642 3705 tempus
671 3629 812 3686 cura
840 3640 900 3687 et
939 3639 1096 3686 metu
1123 3647 1250 3684 esse
1279 3627 1544 3685 relevati:
1588 3629 1908 3703 periculum
1938 3641 2129 3687 autem
2151 3632 2365 3689 reside·-

419 3708 521 3777 bit,
550 3716 608 3764 et
635 3708 743 3763 erit
770 3707 1059 3763 inclusum
1087 3704 1318 3781 penitus
1346 3706 1405 3762 in
1435 3706 1596 3763 venis
1626 3716 1792 3782 atque
1822 3708 1881 3763 in
1911 3708 2229 3765 visceribus
2258 3710 2364 3765 rei-

325 3806 330 3809 ·
397 3786 680 3863 ·publicae.
763 3784 844 3843 Ut
870 3804 1022 3860 saepe
1051 3784 1311 3841 homines
1329 3784 1466 3860 aegri
1488 3785 1684 3842 morbo
1710 3786 1889 3861 gravi,
1920 3805 2058 3843 cum
2080 3798 2219 3844 aestu
2244 3786 2364 3843 feb-
