2698 4492
709 278 979 332 ORATIO
1021 279 1113 328 ιν.
1158 278 1233 328 IN
1280 279 1341 328 L.
1389 277 1814 328 cAT1L1NAM.
2261 281 2336 338 41

262 431 535 496 quamtus,
564 420 813 480 occlusis
838 421 1114 495 tabernis,
1142 420 1326 480 minui
1355 422 1517 494 solet,
1546 420 1686 498 quid
1725 421 1960 480 tandem
1989 419 2244 480 incensis

264 501 523 558 futurum
550 502 681 559 est‘l

342 581 497 642 Quae
527 577 662 638 cum
692 580 773 638 ita
798 579 933 651 sint,
962 579 1163 637 Patres
1190 580 1539 656 conscripti,
1567 579 1728 639 vobis
1753 579 1944 656 populi
1984 577 2242 636 Romani

260 658 530 734 praesidia
555 679 671 717 non
699 659 941 716 desunt:
982 677 1081 716 vos
1107 678 1182 716 ne
1207 658 1414 735 populo
1445 659 1715 718 Romano
1741 659 1940 716 deesse
1969 658 2242 716 videami-

260 737 349 808 ni,
375 737 682 814 providete.
2301 739 2338 792 5

344 815 455 872 IX.
526 815 774 873 Habetis
828 814 1125 873 consulem
1165 834 1237 872 ex
1273 814 1534 890 plurimis
1583 815 1856 892 periculis
1894 826 1954 873 et
1994 814 2236 888 insidiis,

263 904 439 968 atque
482 913 554 952 ex
595 892 790 955 media
832 904 1033 964 morte,
1062 912 1178 950 non
1222 895 1294 951 ad
1331 893 1508 950 vitam
1550 912 1734 965 suam,
1763 895 1864 950 sed
1894 895 1966 950 ad
1994 895 2238 952 salutem

260 983 534 1041 vestram,
563 981 951 1029 reservatum:
990 989 1189 1029 omnes
1213 971 1466 1042 ordines,
1497 972 1568 1028 ad
1613 973 2062 1029 conservandam
2094 991 2242 1029 rem-

262 1050 579 1124 publicam,
596 1059 810 1120 mente,
827 1049 1136 1120 voluntate,
1154 1049 1364 1121 studi0,
1393 1050 1621 1120 virtute,
1649 1069 1810 1120 voce,
1839 1050 2235 1107 consentiunt:

264 1128 501 1184 obsessa
540 1126 765 1185 facibus
802 1137 861 1184 et
906 1128 1034 1186 telis
1081 1127 1267 1205 impiae
1325 1127 1752 1204 conjurationis,
1794 1127 1952 1186 vobis
2007 1129 2240 1204 supplex
2271 1135 2338 1190 10

264 1223 472 1262 manus
497 1205 683 1263 tendit
706 1206 891 1282 patria
917 1207 1270 1265 communis:
1311 1207 1473 1265 vobis
1499 1227 1582 1277 se,
1601 1207 1762 1266 vobis
1781 1206 1956 1263 vitam
1982 1207 2240 1265 omnium

263 1283 497 1355 civium,
532 1283 691 1343 vobis
738 1303 929 1342 arcem
976 1295 1035 1344 et
1087 1286 1456 1363 Capitolium,
1505 1285 1664 1345 vobis
1719 1305 1846 1343 aras
1911 1285 2236 1357 Penatium,

260 1362 422 1420 vobis
465 1363 626 1420 illum
670 1362 863 1440 ignem
890 1365 1083 1423 Vestae
1124 1376 1462 1442 perpetuum
1507 1384 1578 1422 ac
1619 1364 2049 1441 sempiternum,
2077 1364 2238 1422 vobis

256 1441 453 1500 omnia
504 1441 719 1519 templa
770 1443 1040 1516 Deorum,
1079 1454 1249 1518 atque
1293 1443 1556 1515 delubra,
1603 1443 1764 1502 vobis
1815 1462 2008 1501 muros
2065 1453 2236 1517 atque

256 1520 419 1577 urbis
457 1530 634 1593 tecta,
664 1523 1044 1580 commendat.
1127 1523 1414 1580 Praeterea
1453 1522 1527 1580 de
1559 1523 1745 1580 vestra
1773 1522 1910 1593 vita,
1939 1523 2012 1580 de
2041 1521 2235 1598 conju·
2265 1535 2334 1588 15

257 1618 399 1676 gum
425 1609 743 1657 vestrarum
788 1619 859 1657 ac
900 1600 1210 1658 liberorum
1243 1601 1456 1672 anima,
1484 1602 1560 1658 de
1587 1600 1826 1659 fortunis
1851 1600 2130 1671 omnium,
2159 1599 2234 1658 de

257 1678 513 1749 sedibus,
541 1677 615 1735 de
644 1677 787 1736 focis
812 1679 1033 1750 vestris,
1062 1679 1337 1737 hodierno
1365 1679 1461 1737 die
1487 1679 1646 1737 vobis
1667 1679 2048 1756 judicandum
2075 1688 2178 1736 est.

339 1755 587 1814 Habetis
633 1757 863 1828 ducem,
905 1776 1217 1815 memorem
1263 1757 1457 1828 vestri,
1499 1758 1740 1816 oblitum
1782 1757 1905 1828 sui3
1948 1776 2075 1832 quae
2117 1776 2234 1814 non

257 1853 481 1911 semper
511 1834 755 1893 facultas
790 1836 991 1893 datur:
1034 1835 1257 1893 habetis
1298 1855 1500 1893 omnes
1537 1836 1787 1907 ordines,
1814 1855 2016 1894 omnes
2056 1835 2235 1892 homi-

255 1933 382 1984 nes,
412 1913 743 1972 universum
784 1915 1056 1990 populum
1098 1912 1433 1972 Romanum
1463 1913 1572 1992 (id,
1601 1915 1751 1990 quod
1780 1915 1840 1972 in
1869 1913 2024 1972 civili
2053 1913 2231 1971 causa
2258 1923 2332 1976 20

255 1993 534 2052 hodierno
561 1992 657 2051 die
681 1991 930 2070 primum
956 1993 1244 2073 videmus)
1275 2012 1458 2051 unum
1487 2003 1658 2068 atque
1685 1993 1841 2052 idem
1869 1993 2228 2052 sentientem.

255 2071 545 2148 Cogitate,
569 2071 799 2146 quantis
817 2072 1107 2132 laboribus
1129 2072 1431 2130 fundatum
1452 2071 1774 2149 imperium,
1793 2072 2006 2147 quanta
2023 2072 2232 2130 virtute

255 2150 569 2208 stabilitam
611 2151 954 2222 libertatem,
982 2151 1200 2227 quanta
1242 2152 1500 2218 Deorum
1526 2151 1882 2228 benignitate
1912 2161 2112 2209 auctas
2139 2170 2234 2208 ex-

256 2238 675 2304 aggeratasque
704 2229 976 2301 fortunas,
1004 2249 1123 2288 una
1147 2250 1261 2289 nox
1289 2228 1438 2306 pene
1472 2228 1694 2289 delerit.
1777 2229 1848 2287 Id
1875 2251 1949 2288 ne
1977 2249 2232 2305 unquam

252 2307 515 2381 posthac,
543 2326 660 2365 non
702 2305 871 2363 modo
916 2308 1145 2378 confici,
1174 2309 1277 2365 sed
1318 2328 1394 2365 ne
1437 2309 1678 2384 cogitari
1721 2308 1952 2381 quidem
1992 2308 2170 2384 possit
2198 2326 2233 2366 a
2257 2318 2330 2371 25

256 2382 504 2454 civibus,
534 2383 809 2441 hodierno
849 2385 944 2441 die
984 2385 1397 2461 providendum
1438 2397 1542 2441 est.
1585 2444 1590 2447 ,
1624 2387 1821 2459 Atque
1853 2386 1997 2456 haeo,
2026 2405 2141 2443 non
2169 2396 2230 2444 ut

254 2479 377 2531 vos,
420 2461 519 2535 qui
575 2461 719 2518 mihi
774 2462 962 2520 studio
1015 2461 1163 2538 pene
1218 2462 1586 2539 praecurritis,
1633 2462 1967 2533 excitarem,
2007 2464 2234 2521 locutus

256 2558 425 2610 sum;
466 2540 569 2597 sed
598 2548 663 2596 ut
688 2558 820 2597 mea
845 2559 969 2612 vox,
1000 2560 1126 2616 quae
1155 2541 1326 2598 debet
1357 2560 1484 2598 esse
1523 2540 1584 2597 in
1625 2540 1921 2618 republica
1946 2541 2230 2618 princeps,

256 2618 449 2677 officio
477 2617 678 2677 functa
705 2618 991 2677 consulari
1019 2619 1322 2677 videretur.

334 2696 413 2755 X.
468 2696 669 2768 Nunc,
713 2696 846 2755 ante
889 2698 1063 2772 quam
1109 2697 1336 2776 [Patres
1374 2697 1728 2779 conscripti]
1775 2698 1847 2756 ad
1887 2699 2229 2757 sententiam
2256 2712 2330 2767 30

258 2776 449 2847 redeo,
478 2776 551 2834 de
578 2796 673 2834 me
698 2796 887 2853 pauca
914 2778 1123 2835 dicam.
1208 2777 1353 2854 Ego,
1384 2788 1599 2852 quanta
1625 2797 1832 2836 manus
1858 2789 1944 2837 est
1972 2778 2231 2857 conjura·

259 2864 463 2926 torum,
493 2873 665 2929 quam
687 2855 893 2913 videtis
918 2876 1045 2914 esse
1069 2875 1465 2933 permagnam,
1493 2867 1713 2915 tantam
1739 2876 1835 2915 me
1863 2857 2229 2918 inimicorum

259 2933 683 3015 multitudinem
723 2936 1041 3011 suscepisse
1071 2934 1266 2993 video:
1309 2936 1414 2992 sed
1452 2954 1583 2993 eam
1623 2955 1749 2993 esse
1780 2936 1979 3011 judico
2004 2947 2229 3013 turpem

259 3021 315 3069 et
354 3011 659 3083 infirmam,
689 3023 1073 3089 contemptam
1113 3023 1170 3071 et
1212 3013 1515 3089 abjectam.
1592 3014 1779 3076 Quod
1814 3015 1863 3071 si
1900 3016 2226 3090 aliquand0‚

262 3090 501 3167 alicujus
541 3090 729 3149 furore
768 3102 827 3150 et
866 3093 1087 3151 scelere
1126 3094 1418 3151 concitata
1444 3111 1648 3151 manus
1676 3093 1786 3151 ista
1810 3094 1937 3169 plus
1964 3094 2226 3164 valuerit,
2256 3104 2328 3158 35

260 3167 430 3243 quam
457 3180 645 3227 vestra
687 3189 757 3228 ac
784 3170 1114 3248 reipublicae
1154 3170 1439 3248 dignitas3
1481 3190 1576 3229 me
1602 3182 1798 3230 tamen
1825 3190 2084 3230 meorum
2113 3172 2230 3229 fac-
2357 3186 2362 3191 ·

259 3256 443 3305 torum
485 3257 655 3323 atque
696 3250 1061 3308 consiliorum
1104 3268 1420 3324 nunquam,
1449 3249 1650 3307 Patres
1677 3250 2026 3325 Conscripti,
2052 3249 2232 3325 poeni-

260 3326 415 3384 tebit.
497 3326 729 3393 Etenim
756 3348 926 3399 mors,
954 3346 1129 3403 quam
1170 3327 1251 3384 illi
1292 3328 1437 3384 mihi
1465 3327 1702 3385 fortasse
1727 3326 2085 3397 minitantur,
2112 3345 2232 3383 om-

261 3405 428 3462 nibus
453 3414 539 3462 est
563 3416 795 3482 parata:
837 3407 967 3464 vitae
992 3414 1213 3463 tantam
1238 3406 1491 3475 laudem,
1521 3404 1735 3479 quanta
1775 3422 1874 3461 vos
1909 3422 2002 3461 me
2029 3404 2231 3463 vestris

264 3483 504 3542 decretis
530 3484 892 3555 honestastis,
919 3502 1091 3542 nemo
1118 3492 1206 3540 est
1234 3492 1546 3541 assecutus.
1629 3480 1871 3539 Caeteris
1903 3482 2058 3541 enim
2085 3502 2230 3541 sem-
2256 3492 2330 3549 40

262 3580 354 3637 per
395 3560 543 3620 bene
582 3572 777 3639 gestae,
804 3562 948 3619 mihi
988 3560 1091 3619 uni
1132 3570 1502 3633 conservatae,
1530 3559 1860 3637 reipublicae
1899 3562 2230 3641 gratulatio-

265 3659 390 3697 nem
419 3640 769 3699 decrevistis.

338 3719 427 3776 Sit
454 3719 652 3794 Scipio
678 3719 887 3791 clarus,
910 3718 1026 3790 ille,
1049 3717 1214 3795 cujus
1242 3717 1482 3777 consilio
1503 3728 1674 3794 atque
1693 3717 1901 3777 virtute
1927 3719 2226 3778 Hannibal

270 3794 325 3853 in
370 3796 636 3855 Africam
676 3797 884 3932 radim,
926 3806 1097 3872 atque
1143 3815 1215 3854 ex
1267 3796 1441 3854 Italia
1482 3798 1786 3869 decedere,
1829 3808 2065 3857 coactus
2104 3805 2224 3854 est:
