2698 4492
280 281 396 339 140
900 277 1175 327 ORATIO
1221 277 1297 326 IN
1342 277 1419 326 Μ.
1464 276 1871 326 ANTONIUM.

374 421 425 479 si
452 418 621 479 modo
666 420 927 480 homines
953 429 1106 491 sunt,
1156 420 1448 478 interdum
1495 418 1701 479 animis
1747 420 2092 478 relaxantur.
2171 419 2358 483 Quod

376 510 570 557 autem
624 500 778 557 idem
820 499 1153 560 moestitiam
1213 518 1404 557 meam
1463 499 1854 573 reprehendit,
1909 498 2064 556 idem
2117 498 2354 575 jocum3

374 597 585 655 magno
614 589 952 655 argumento
978 588 1084 649 est,
1114 597 1207 635 me
1236 578 1294 635 in
1325 588 1565 651 utroque
1594 577 1769 635 fuisse
1797 577 2169 635 moderatum.

455 656 841 715 Haereditates
868 657 1012 714 mihi
1048 657 1275 733 negasti
1323 656 1536 714 venire.
1617 654 1856 713 Utinam
1903 656 2013 713 hoc
2059 666 2224 735 tuum
2263 676 2358 714 ve-

309 747 347 801 5
374 754 501 793 rum
524 735 744 793 crimen
772 737 960 794 esset!
1002 736 1198 811 plures
1241 734 1414 792 amici
1455 734 1570 792 mei
1617 744 1677 792 et
1721 734 2036 792 necessarii
2082 734 2354 792 viverent.

376 814 493 871 Sed
522 812 621 888 qui
651 814 801 872 istuc
828 815 935 872 tibi
980 814 1137 871 venit
1184 814 1243 872 in
1293 814 1589 871 mentem'l
1631 832 1742 889 ego
1769 814 1924 872 enim
1961 812 2206 887 amplius
2245 814 2356 871 HS
2394 810 2405 815 “

374 892 677 951 ducenties
744 902 1049 969 acceptum
1118 892 1548 950 haereditatibus
1607 892 1795 949 retuli.
1875 891 2231 980 Quanquam
2293 892 2356 950 in

375 972 487 1029 hoc
532 992 745 1049 genere
788 972 967 1031 fateor
1010 971 1323 1029 feliciorem
1373 990 1499 1029 esse
1527 980 1600 1028 te.
1684 970 1788 1027 Me
1828 988 2017 1041 neme,
2061 970 2172 1026 nisi
2215 970 2358 1027 ami-

374 1069 500 1121 cus,
543 1051 681 1109 fecit
735 1052 1043 1121 haeredem,
1100 1060 1181 1121 ut,
1231 1068 1367 1107 cum
1407 1050 1506 1107 illo
1546 1050 1865 1119 commode,
1907 1048 1956 1105 si
2017 1049 2166 1122 quod
2207 1058 2354 1119 erat,

278 1123 347 1178 10
376 1130 555 1186 animi
582 1130 817 1203 quidam
846 1130 1004 1187 dolor
1026 1130 1401 1206 jungeretur:
1443 1138 1502 1185 te
1549 1127 1619 1198 i·,s
1647 1146 1819 1202 quem
1865 1137 1928 1184 tu
1975 1126 2166 1184 vidisti
2207 1147 2358 1184 nun-

373 1225 567 1280 quam,
617 1208 683 1265 L.
734 1207 996 1265 Rubrius
1044 1208 1339 1278 CassinaS,
1396 1206 1536 1263 fecit
1593 1207 1900 1263 haeredem.
1983 1205 2062 1262 Et
2121 1205 2356 1279 quidem

372 1286 524 1355 vide,
554 1284 727 1359 quarn
774 1301 833 1343 te
882 1286 1091 1343 amarit
1137 1286 1205 1356 is,
1236 1286 1354 1360 qui,
1385 1285 1550 1342 albus
1592 1295 1784 1343 aterve
1833 1283 2030 1354 sueriS,
2059 1284 2354 1359 ignoranS,

374 1330 565 1419 fratris
590 1364 772 1420 filium
796 1364 1108 1439 praeteriit·
1093 1407 1108 1433 ‚
1150 1363 1232 1425 Q.
1262 1364 1448 1433 Furii,
1478 1362 1862 1421 honestissimi
1903 1361 2110 1437 equitis
2137 1361 2357 1419 Roma-

372 1440 453 1511 ni,
482 1441 687 1515 suique
716 1441 1070 1513 amicissimi,
1100 1461 1271 1517 quem
1297 1440 1494 1517 palam
1541 1443 1828 1499 haeredem
1857 1459 2081 1515 semper
2122 1440 2354 1497 factita-

277 1528 345 1581 15
373 1528 481 1590 rat,
509 1539 583 1577 ne
610 1539 819 1578 nomen
848 1520 1080 1596 quidem
1107 1520 1475 1596 perscripsit3
1518 1530 1596 1591 te,
1646 1538 1816 1595 quem
1862 1538 2156 1593 nunquam
2200 1518 2356 1577 vide-

371 1607 480 1669 rat,
524 1617 595 1655 ac
634 1618 930 1673 nunquam
978 1601 1343 1670 salutaverat,
1401 1598 1539 1657 fecit
1587 1600 1892 1656 haeredem.
1975 1597 2169 1655 Velim
2208 1598 2354 1656 mihi

372 1676 554 1749 dicas,
584 1677 695 1735 nisi
722 1679 1027 1737 molestum
1072 1687 1179 1749 est,
1224 1678 1291 1736 L.
1322 1677 1628 1735 Turselius
1656 1678 1769 1751 qua
1817 1676 1968 1754 facie
2003 1676 2194 1747 suerit,
2237 1678 2354 1751 qua

373 1756 612 1828 statura,
643 1776 756 1831 quo
800 1757 1136 1833 municipio,
1166 1776 1279 1831 qua
1306 1756 1477 1814 tribu.
1560 1755 1726 1813 Nihil
1767 1755 1908 1826 scio,
1951 1755 2198 1829 inquieS,
2237 1755 2356 1813 nisi

372 1853 499 1909 quae
526 1836 744 1911 praedia
770 1836 1052 1894 habuerit.
1138 1836 1344 1913 Igitur,
1373 1835 1606 1892 fiatrem
1655 1801 2046 1904 exhaeredanS‚
2075 1843 2134 1891 te
2175 1833 2354 1892 sacie-

272 1917 343 1971 ²0
376 1914 472 1970 bat
498 1914 957 1972 haeredem.1n
987 1915 1197 1971 multas
1241 1923 1521 1990 praeterea
1563 1912 1844 1989 pecunias
1873 1878 2353 1970 alienissimorum

372 1990 688 2063 hominum,
729 1992 930 2068 ejectis
975 1992 1124 2050 veris
1169 1992 1514 2063 haeredibus,
1542 2001 1816 2067 tanquam
1844 1992 2028 2049 haeres
2055 2000 2224 2063 esset,
2267 1990 2354 2049 in-

370 2070 532 2127 vasit.
613 2070 971 2145 Quanquam
1000 2072 1110 2128 hoc
1156 2068 1407 2126 maxime
1459 2070 1774 2128 admiratus
1819 2089 1966 2141 sum,
1996 2069 2350 2128 mentionem

370 2158 429 2205 te
475 2148 876 2206 haereditatum
924 2167 1128 2207 ausum
1174 2167 1302 2207 esse
1351 2147 1563 2221 facere,
1613 2147 1750 2207 cum
1791 2148 1914 2225 ipse
1954 2148 2348 2207 haereditatem

368 2226 548 2304 patris
574 2248 688 2287 non
719 2226 953 2286 adisses

268 2309 341 2362 25
448 2306 651 2365 XVII.
697 2307 846 2366 Haec
871 2317 937 2365 ut
964 2306 1284 2384 colligeres,
1332 2309 1504 2366 homo
1551 2306 1958 2379 amentissime,
1998 2316 2082 2366 tot
2120 2307 2244 2364 dies
2286 2307 2348 2366 in

372 2386 561 2444 aliena
588 2387 723 2445 villa
753 2385 1135 2445 declamasti?
1177 2405 1507 2478 quanquam
1534 2396 1597 2444 tu
1625 2387 1878 2476 quidem,
1929 2385 2020 2462 (ut
2059 2385 2144 2443 tui
2185 2385 2350 2443 sami-

368 2465 659 2523 liarissimi
721 2465 1016 2556 dictitant)
1079 2465 1198 2523 vini
1244 2465 1572 2536 exhalandi,
1633 2485 1748 2523 non
1808 2464 2028 2541 ingenii
2077 2465 2346 2538 acuendi,

370 2563 568 2615 causa,
600 2545 954 2605 declamitas,
1036 2543 1117 2602 Et
1142 2542 1279 2602 vero
1310 2544 1569 2615 adhibes,
1593 2543 1710 2620 joci
1759 2561 1956 2614 causa,
1985 2542 2345 2619 magistrum,

370 2622 641 2710 suffragio
666 2633 767 2680 tuo
794 2634 853 2681 et
899 2633 1289 2698 compotorum
1328 2633 1576 2695 tuorum,
1605 2623 1922 2691 rhetorem,
1966 2621 2062 2679 cui
2109 2641 2348 2681 conces-

268 2709 341 2762 30
370 2699 513 2771 sisti,
558 2710 621 2756 ut
660 2701 721 2758 in
762 2711 841 2772 te,
883 2721 1010 2776 quae
1052 2701 1241 2772 vellet,
1284 2701 1521 2759 diceret.
1605 2701 1836 2758 Salsum
1888 2699 2122 2758 omnino
2167 2700 2347 2758 homi-

370 2779 541 2834 nem!
586 2779 689 2834 sed
728 2781 972 2836 materia
1012 2778 1199 2835 facilis
1226 2788 1333 2851 est,
1363 2780 1424 2837 in
1471 2789 1528 2838 te
1556 2789 1614 2837 et
1662 2779 1722 2836 in
1762 2788 1890 2836 tuos
1929 2778 2088 2836 dicta
2127 2779 2340 2837 dicere.

369 2855 522 2912 Vide
553 2865 765 2926 autem,
794 2856 932 2931 quid
960 2857 1109 2913 inter
1136 2866 1193 2913 te
1221 2866 1279 2914 et
1328 2876 1497 2914 avum
1543 2868 1708 2915 tuum
1744 2856 1982 2915 intersit.
2066 2857 2174 2915 Ille
2213 2877 2346 2915 sen-

368 2933 477 2990 sim
506 2933 756 3005 dicebat,
786 2935 938 3009 quod
966 2953 1156 2992 causae
1182 2935 1516 3010 prodesset;
1560 2946 1622 2995 tu
1664 2936 1877 2994 cursim
1919 2935 2066 2993 dicis
2095 2936 2300 2994 aliena.
2345 2975 2356 2988 ι

447 3014 530 3070 At
558 3021 773 3086 quanta
797 3031 1021 3070 merces
1066 3013 1277 3072 rhetori
1325 3015 1462 3072 data
1507 3017 1639 3073 est?
1721 3015 1960 3086 Audite,
1990 3014 2203 3086 audite,
2233 3015 2344 3072 Pa-

263 3097 337 3152 35
366 3100 483 3151 tres
542 3090 903 3167 Conscripti3
966 3102 1025 3150 et
1084 3091 1415 3168 cognoscite
1476 3093 1812 3169 reipublicae
1872 3094 2126 3151 vulnera.
2208 3093 2344 3151 Duo

366 3171 547 3229 millia
582 3171 851 3249 jugerum
892 3169 1082 3247 campi
1142 3171 1412 3229 Leontini
1468 3173 1600 3230 Sex.
1650 3172 1857 3230 Clodio
1896 3171 2107 3230 rhetori
2165 3171 2346 3248 assig-

364 3251 536 3324 nasti,
566 3260 625 3310 et
663 3250 895 3327 quidem
943 3249 1241 3322 immunia,
1271 3260 1354 3321 ut,
1395 3269 1499 3325 pro
1537 3251 1697 3309 tanta
1738 3251 2026 3322 mercede,
2068 3250 2210 3308 nihil
2251 3269 2342 3307 sa-

362 3349 501 3406 pere
530 3330 801 3388 disceres
884 3328 1047 3386 Num
1086 3328 1263 3386 'etiam
1305 3330 1436 3400 hoc,
1466 3330 1634 3387 homo
1664 3329 2065 3398 audacissime,
2097 3347 2169 3386 ex
2207 3329 2341 3386 Cas-.-

364 3409 509 3466 saris
549 3407 1019 3467 commentariis?
1118 3409 1234 3465 Sed
1289 3407 1482 3465 dicam
1525 3409 1637 3466 alio
1675 3409 1802 3466 loco
1841 3417 1900 3466 et
1941 3408 2012 3465 de
2053 3374 2341 3466 Leontino

262 3485 335 3540 40
344 3505 510 3575 agro
544 3497 603 3544 et
642 3489 715 3546 de
756 3487 1092 3562 Campano3
1153 3489 1294 3576 quos
1334 3487 1442 3544 iste
1485 3505 1670 3562 agros,
1717 3495 1942 3562 ereptos
1981 3485 2335 3561 reipubli,cae

344 3561 704 3638 turpissimis
760 3565 1176 3641 possessoribus
1234 3564 1570 3638 inquinavit.
1654 3564 1689 3621 J
1695 3584 1787 3622 am
1847 3563 2024 3635 enim,
2067 3563 2335 3638 quoniam

364 3639 707 3698 criminibus
734 3643 857 3719 ejus
884 3643 1023 3700 satis
1049 3642 1335 3718 respondi,
1365 3643 1481 3700 de
1467 3661 1590 3718 ipso
1616 3644 1984 3700 emendatore
2012 3651 2072 3700 et
2111 3661 2338 3700 correc-

361 3727 485 3776 tore
523 3729 717 3776 nostro
756 3722 1016 3794 quaedam
1058 3721 1309 3779 dicenda
1347 3731 1514 3779 sunt:
1573 3741 1685 3780 nec
1725 3721 1881 3778 enim
1919 3721 2116 3779 omnia
2145 3720 2335 3778 'effun-
