<?xml version="1.0" encoding="UTF-8"?>
<!DOCTYPE html PUBLIC "-//W3C//DTD XHTML 1.0 Transitional//EN"
    "http://www.w3.org/TR/xhtml1/DTD/xhtml1-transitional.dtd">
<html xmlns="http://www.w3.org/1999/xhtml" xml:lang="en" lang="en">
 <head>
  <title>
</title>
<meta http-equiv="Content-Type" content="text/html;charset=utf-8" />
  <meta name='ocr-system' content='tesseract 3.04.00' />
  <meta name='ocr-capabilities' content='ocr_page ocr_carea ocr_par ocr_line ocrx_word'/>
</head>
<body>
  <div class='ocr_page' id='page_1' title='image "./orationesquaeda02cicegoog_0109.png"; bbox 0 0 2698 4492; ppageno 0'>
   <div class='ocr_carea' id='block_1_1' title="bbox 638 266 2398 363">
    <p class='ocr_par' dir='ltr' id='par_1_1' title="bbox 638 266 2398 363">
     <span class='ocr_line' id='line_1_1' title="bbox 638 266 2398 363; baseline 0 -16"><span class='ocrx_word' id='word_1_1' title='bbox 638 266 642 271; x_wconf 62' lang='grc'>’</span> <span class='ocrx_word' id='word_1_2' title='bbox 719 299 991 348; x_wconf 79' lang='lat' dir='ltr'><strong>ORATIO</strong></span> <span class='ocrx_word' id='word_1_3' title='bbox 1036 300 1174 347; x_wconf 79' lang='lat' dir='ltr'>PRO</span> <span class='ocrx_word' id='word_1_4' title='bbox 1217 299 1279 348; x_wconf 83' lang='lat' dir='ltr'>T.</span> <span class='ocrx_word' id='word_1_5' title='bbox 1324 300 1554 347; x_wconf 80' lang='lat' dir='ltr'>ANNlo</span> <span class='ocrx_word' id='word_1_6' title='bbox 1599 299 1898 349; x_wconf 77' lang='lat' dir='ltr'><strong>MILONE.</strong></span> <span class='ocrx_word' id='word_1_7' title='bbox 2281 302 2398 363; x_wconf 78' lang='lat'>103</span> 
     </span>
    </p>
   </div>
   <div class='ocr_carea' id='block_1_2' title="bbox 269 440 2396 1694">
    <p class='ocr_par' dir='ltr' id='par_1_2' title="bbox 312 440 2396 1381">
     <span class='ocr_line' id='line_1_2' title="bbox 316 440 2299 518; baseline -0.003 -14"><span class='ocrx_word' id='word_1_8' title='bbox 316 443 746 503; x_wconf 74' lang='lat' dir='ltr'>assensionibus</span> <span class='ocrx_word' id='word_1_9' title='bbox 774 442 1025 500; x_wconf 86' lang='lat' dir='ltr'>universi</span> <span class='ocrx_word' id='word_1_10' title='bbox 1052 442 1304 501; x_wconf 84' lang='lat' dir='ltr'>Ordinis!</span> <span class='ocrx_word' id='word_1_11' title='bbox 1348 440 1521 518; x_wconf 73' lang='lat' dir='ltr'>quam</span> <span class='ocrx_word' id='word_1_12' title='bbox 1568 462 1682 500; x_wconf 90' lang='lat' dir='ltr'>nec</span> <span class='ocrx_word' id='word_1_13' title='bbox 1723 441 1938 514; x_wconf 86' lang='lat' dir='ltr'>tacitis,</span> <span class='ocrx_word' id='word_1_14' title='bbox 1965 462 2078 501; x_wconf 90' lang='lat' dir='ltr'>nec</span> <span class='ocrx_word' id='word_1_15' title='bbox 2104 443 2299 501; x_wconf 91' lang='lat' dir='ltr'>occul-</span> 
     </span>
     <span class='ocr_line' id='line_1_3' title="bbox 312 522 2299 596; baseline 0 -19"><span class='ocrx_word' id='word_1_16' title='bbox 312 524 427 581; x_wconf 86' lang='lat' dir='ltr'>tis!</span> <span class='ocrx_word' id='word_1_17' title='bbox 510 522 770 584; x_wconf 78' lang='lat' dir='ltr'>Quando</span> <span class='ocrx_word' id='word_1_18' title='bbox 794 522 972 592; x_wconf 90' lang='lat' dir='ltr'>enim,</span> <span class='ocrx_word' id='word_1_19' title='bbox 1002 522 1460 596; x_wconf 89' lang='lat' dir='ltr'>frequentissimo</span> <span class='ocrx_word' id='word_1_20' title='bbox 1501 531 1725 592; x_wconf 87' lang='lat' dir='ltr'>senatu,</span> <span class='ocrx_word' id='word_1_21' title='bbox 1755 532 2016 595; x_wconf 85' lang='lat' dir='ltr'>quatuor,</span> <span class='ocrx_word' id='word_1_22' title='bbox 2048 522 2121 579; x_wconf 87' lang='lat' dir='ltr'>ad</span> <span class='ocrx_word' id='word_1_23' title='bbox 2149 541 2299 578; x_wconf 88' lang='lat' dir='ltr'>sum-</span> 
     </span>
     <span class='ocr_line' id='line_1_4' title="bbox 315 600 2300 677; baseline -0.001 -18"><span class='ocrx_word' id='word_1_24' title='bbox 315 621 477 659; x_wconf 87' lang='lat' dir='ltr'>mum</span> <span class='ocrx_word' id='word_1_25' title='bbox 505 601 777 675; x_wconf 88' lang='lat' dir='ltr'>quinque,</span> <span class='ocrx_word' id='word_1_26' title='bbox 807 611 941 658; x_wconf 90' lang='lat' dir='ltr'>sunt</span> <span class='ocrx_word' id='word_1_27' title='bbox 968 600 1204 669; x_wconf 87' lang='lat' dir='ltr'>inventi,</span> <span class='ocrx_word' id='word_1_28' title='bbox 1250 600 1348 675; x_wconf 89' lang='lat' dir='ltr'>qui</span> <span class='ocrx_word' id='word_1_29' title='bbox 1395 600 1630 657; x_wconf 84' lang='lat' dir='ltr'>Milonis</span> <span class='ocrx_word' id='word_1_30' title='bbox 1675 618 1909 657; x_wconf 88' lang='lat' dir='ltr'>causam</span> <span class='ocrx_word' id='word_1_31' title='bbox 1958 620 2072 675; x_wconf 89' lang='lat' dir='ltr'>non</span> <span class='ocrx_word' id='word_1_32' title='bbox 2099 601 2300 677; x_wconf 89' lang='lat' dir='ltr'>proba-</span> 
     </span>
     <span class='ocr_line' id='line_1_5' title="bbox 319 677 2299 755; baseline -0.002 -16"><span class='ocrx_word' id='word_1_33' title='bbox 319 682 487 739; x_wconf 76' lang='lat' dir='ltr'>rent&#39;l</span> <span class='ocrx_word' id='word_1_34' title='bbox 569 680 886 737; x_wconf 88' lang='lat' dir='ltr'>Declarant</span> <span class='ocrx_word' id='word_1_35' title='bbox 913 679 1082 755; x_wconf 88' lang='lat' dir='ltr'>hujus</span> <span class='ocrx_word' id='word_1_36' title='bbox 1112 678 1360 735; x_wconf 81' lang='lat' dir='ltr'>ambusti</span> <span class='ocrx_word' id='word_1_37' title='bbox 1379 678 1597 735; x_wconf 89' lang='lat' dir='ltr'>tribuni</span> <span class='ocrx_word' id='word_1_38' title='bbox 1622 677 1806 754; x_wconf 91' lang='lat' dir='ltr'>plebis</span> <span class='ocrx_word' id='word_1_39' title='bbox 1853 678 1964 736; x_wconf 84' lang='lat' dir='ltr'>illae</span> <span class='ocrx_word' id='word_1_40' title='bbox 2001 678 2299 737; x_wconf 89' lang='lat' dir='ltr'>intermor-</span> 
     </span>
     <span class='ocr_line' id='line_1_6' title="bbox 320 756 2396 832; baseline -0.001 -15"><span class='ocrx_word' id='word_1_41' title='bbox 320 770 433 817; x_wconf 85' lang='lat' dir='ltr'>tuae</span> <span class='ocrx_word' id='word_1_42' title='bbox 478 759 805 828; x_wconf 89' lang='lat' dir='ltr'>conciones,</span> <span class='ocrx_word' id='word_1_43' title='bbox 862 758 1069 831; x_wconf 90' lang='lat' dir='ltr'>quibus</span> <span class='ocrx_word' id='word_1_44' title='bbox 1122 758 1378 831; x_wconf 84' lang='lat' dir='ltr'>quotidie</span> <span class='ocrx_word' id='word_1_45' title='bbox 1418 776 1608 813; x_wconf 91' lang='lat' dir='ltr'>meam</span> <span class='ocrx_word' id='word_1_46' title='bbox 1647 757 1960 832; x_wconf 89' lang='lat' dir='ltr'>potentiam</span> <span class='ocrx_word' id='word_1_47' title='bbox 2015 756 2296 815; x_wconf 70' lang='lat' dir='ltr'>invidiose</span> <span class='ocrx_word' id='word_1_48' title='bbox 2359 763 2396 815; x_wconf 84' lang='lat'><strong>5</strong></span> 
     </span>
     <span class='ocr_line' id='line_1_7' title="bbox 322 836 2298 909; baseline -0.001 -13"><span class='ocrx_word' id='word_1_49' title='bbox 322 838 755 906; x_wconf 80' lang='lat' dir='ltr'>criminabatur,</span> <span class='ocrx_word' id='word_1_50' title='bbox 787 855 920 894; x_wconf 91' lang='lat' dir='ltr'>cum</span> <span class='ocrx_word' id='word_1_51' title='bbox 948 838 1187 906; x_wconf 90' lang='lat' dir='ltr'>diceret,</span> <span class='ocrx_word' id='word_1_52' title='bbox 1228 845 1513 905; x_wconf 90' lang='lat' dir='ltr'>senatum,</span> <span class='ocrx_word' id='word_1_53' title='bbox 1543 855 1658 893; x_wconf 87' lang='lat' dir='ltr'>non</span> <span class='ocrx_word' id='word_1_54' title='bbox 1702 836 1852 909; x_wconf 91' lang='lat' dir='ltr'>quod</span> <span class='ocrx_word' id='word_1_55' title='bbox 1897 837 2154 907; x_wconf 84' lang='lat' dir='ltr'>sentiret,</span> <span class='ocrx_word' id='word_1_56' title='bbox 2196 838 2298 895; x_wconf 89' lang='lat' dir='ltr'>sed</span> 
     </span>
     <span class='ocr_line' id='line_1_8' title="bbox 320 881 2300 992; baseline 0 -19"><span class='ocrx_word' id='word_1_57' title='bbox 320 918 473 992; x_wconf 90' lang='lat' dir='ltr'>quod</span> <span class='ocrx_word' id='word_1_58' title='bbox 516 935 625 992; x_wconf 85' lang='lat' dir='ltr'>ego</span> <span class='ocrx_word' id='word_1_59' title='bbox 666 881 891 985; x_wconf 84' lang='lat' dir='ltr'>vellem,</span> <span class='ocrx_word' id='word_1_60' title='bbox 934 915 1263 971; x_wconf 81' lang='lat' dir='ltr'>decernere.</span> <span class='ocrx_word' id='word_1_61' title='bbox 1343 913 1498 975; x_wconf 79' lang='lat' dir='ltr'>Quae</span> <span class='ocrx_word' id='word_1_62' title='bbox 1542 915 1772 990; x_wconf 89' lang='lat' dir='ltr'>quidem</span> <span class='ocrx_word' id='word_1_63' title='bbox 1821 914 1870 971; x_wconf 87' lang='lat' dir='ltr'>si</span> <span class='ocrx_word' id='word_1_64' title='bbox 1916 916 2171 990; x_wconf 89' lang='lat' dir='ltr'>potentia</span> <span class='ocrx_word' id='word_1_65' title='bbox 2212 926 2300 973; x_wconf 91' lang='lat' dir='ltr'>est</span> 
     </span>
     <span class='ocr_line' id='line_1_9' title="bbox 326 990 2298 1082; baseline 0 -32"><span class='ocrx_word' id='word_1_66' title='bbox 326 994 664 1082; x_wconf 80' lang='lat' dir='ltr'>appellanda</span> <span class='ocrx_word' id='word_1_67' title='bbox 714 990 923 1067; x_wconf 87' lang='lat' dir='ltr'>potius,</span> <span class='ocrx_word' id='word_1_68' title='bbox 979 990 1171 1065; x_wconf 70' lang='lat' dir='ltr'>quam,</span> <span class='ocrx_word' id='word_1_69' title='bbox 1224 1002 1447 1081; x_wconf 88' lang='lat' dir='ltr'>propter</span> <span class='ocrx_word' id='word_1_70' title='bbox 1502 1010 1715 1069; x_wconf 86' lang='lat' dir='ltr'>magna</span> <span class='ocrx_word' id='word_1_71' title='bbox 1769 992 1828 1049; x_wconf 91' lang='lat' dir='ltr'>in</span> <span class='ocrx_word' id='word_1_72' title='bbox 1882 993 2298 1069; x_wconf 80' lang='lat' dir='ltr'>rempublicam</span> 
     </span>
     <span class='ocr_line' id='line_1_10' title="bbox 325 1070 2298 1160; baseline 0.001 -31"><span class='ocrx_word' id='word_1_73' title='bbox 325 1072 550 1141; x_wconf 89' lang='lat' dir='ltr'>merita,</span> <span class='ocrx_word' id='word_1_74' title='bbox 580 1070 927 1127; x_wconf 87' lang='lat' dir='ltr'>mediocris&#39;</span> <span class='ocrx_word' id='word_1_75' title='bbox 914 1090 969 1127; x_wconf 84' lang='grc' dir='ltr'>ιιι</span> <span class='ocrx_word' id='word_1_76' title='bbox 1001 1070 1163 1127; x_wconf 91' lang='lat' dir='ltr'>bonis</span> <span class='ocrx_word' id='word_1_77' title='bbox 1192 1070 1382 1127; x_wconf 87' lang='lat' dir='ltr'>causis</span> <span class='ocrx_word' id='word_1_78' title='bbox 1423 1072 1751 1141; x_wconf 78' lang='lat' dir='ltr'>auctoritaS,</span> <span class='ocrx_word' id='word_1_79' title='bbox 1785 1081 1900 1142; x_wconf 87' lang='lat' dir='ltr'>aut,</span> <span class='ocrx_word' id='word_1_80' title='bbox 1928 1082 2152 1160; x_wconf 89' lang='lat' dir='ltr'>propter</span> <span class='ocrx_word' id='word_1_81' title='bbox 2194 1074 2298 1130; x_wconf 84' lang='lat' dir='ltr'>hos</span> 
     </span>
     <span class='ocr_line' id='line_1_11' title="bbox 324 1148 2394 1226; baseline -0.001 -18"><span class='ocrx_word' id='word_1_82' title='bbox 324 1150 612 1208; x_wconf 89' lang='lat' dir='ltr'>officiosos</span> <span class='ocrx_word' id='word_1_83' title='bbox 638 1148 861 1205; x_wconf 87' lang='lat' dir='ltr'>labores</span> <span class='ocrx_word' id='word_1_84' title='bbox 888 1168 1062 1219; x_wconf 84' lang='lat' dir='ltr'>meOS,</span> <span class='ocrx_word' id='word_1_85' title='bbox 1093 1149 1362 1206; x_wconf 89' lang='lat' dir='ltr'>nonnulla</span> <span class='ocrx_word' id='word_1_86' title='bbox 1401 1150 1550 1225; x_wconf 89' lang='lat' dir='ltr'>apud</span> <span class='ocrx_word' id='word_1_87' title='bbox 1595 1150 1771 1208; x_wconf 87' lang='lat' dir='ltr'>bonos</span> <span class='ocrx_word' id='word_1_88' title='bbox 1796 1151 2013 1226; x_wconf 88' lang='lat' dir='ltr'>gratia;</span> <span class='ocrx_word' id='word_1_89' title='bbox 2058 1150 2298 1225; x_wconf 86' lang='lat' dir='ltr'>appelle·</span> <span class='ocrx_word' id='word_1_90' title='bbox 2326 1152 2394 1205; x_wconf 93' lang='grc'>10</span> 
     </span>
     <span class='ocr_line' id='line_1_12' title="bbox 325 1194 2296 1304; baseline 0 -19"><span class='ocrx_word' id='word_1_91' title='bbox 325 1238 419 1285; x_wconf 83' lang='lat' dir='ltr'>tur</span> <span class='ocrx_word' id='word_1_92' title='bbox 458 1228 539 1285; x_wconf 87' lang='lat' dir='ltr'>-ita</span> <span class='ocrx_word' id='word_1_93' title='bbox 580 1246 739 1297; x_wconf 89' lang='lat' dir='ltr'>sane,</span> <span class='ocrx_word' id='word_1_94' title='bbox 789 1194 1097 1284; x_wconf 76' lang='lat' dir='ltr'>dummodo</span> <span class='ocrx_word' id='word_1_95' title='bbox 1137 1246 1206 1283; x_wconf 88' lang='lat' dir='ltr'>ea</span> <span class='ocrx_word' id='word_1_96' title='bbox 1236 1246 1337 1285; x_wconf 89' lang='lat' dir='ltr'>nos</span> <span class='ocrx_word' id='word_1_97' title='bbox 1378 1243 1607 1285; x_wconf 83' lang='lat' dir='ltr'>utamur</span> <span class='ocrx_word' id='word_1_98' title='bbox 1646 1247 1750 1304; x_wconf 89' lang='lat' dir='ltr'>pro</span> <span class='ocrx_word' id='word_1_99' title='bbox 1790 1229 1972 1285; x_wconf 84' lang='lat' dir='ltr'>salute</span> <span class='ocrx_word' id='word_1_100' title='bbox 2020 1230 2296 1286; x_wconf 84' lang='lat' dir='ltr'>bonorum</span> 
     </span>
     <span class='ocr_line' id='line_1_13' title="bbox 325 1305 1267 1381; baseline -0.003 -15"><span class='ocrx_word' id='word_1_101' title='bbox 325 1318 527 1366; x_wconf 87' lang='lat' dir='ltr'>contra</span> <span class='ocrx_word' id='word_1_102' title='bbox 554 1305 863 1363; x_wconf 79' lang='lat' dir='ltr'>amentiam</span> <span class='ocrx_word' id='word_1_103' title='bbox 901 1306 1267 1381; x_wconf 88' lang='lat' dir='ltr'>perditorum.</span> 
     </span>
    </p>

    <p class='ocr_par' dir='ltr' id='par_1_3' title="bbox 269 1382 2394 1681">
     <span class='ocr_line' id='line_1_14' title="bbox 400 1382 2298 1461; baseline 0 -18"><span class='ocrx_word' id='word_1_104' title='bbox 400 1386 577 1443; x_wconf 85' lang='lat' dir='ltr'>Hanc</span> <span class='ocrx_word' id='word_1_105' title='bbox 604 1382 737 1441; x_wconf 72' lang='lat' dir='ltr'>vero</span> <span class='ocrx_word' id='word_1_106' title='bbox 769 1384 1159 1457; x_wconf 84' lang='lat' dir='ltr'>quaestionem,</span> <span class='ocrx_word' id='word_1_107' title='bbox 1188 1384 1296 1442; x_wconf 87' lang='lat' dir='ltr'>etsi</span> <span class='ocrx_word' id='word_1_108' title='bbox 1326 1403 1440 1443; x_wconf 92' lang='lat' dir='ltr'>non</span> <span class='ocrx_word' id='word_1_109' title='bbox 1485 1395 1571 1442; x_wconf 88' lang='lat' dir='ltr'>est</span> <span class='ocrx_word' id='word_1_110' title='bbox 1618 1386 1834 1461; x_wconf 87' lang='lat' dir='ltr'>iniqua,</span> <span class='ocrx_word' id='word_1_111' title='bbox 1879 1405 2175 1461; x_wconf 89' lang='lat' dir='ltr'>nunquam</span> <span class='ocrx_word' id='word_1_112' title='bbox 2215 1396 2298 1443; x_wconf 87' lang='lat' dir='ltr'>ta-</span> 
     </span>
     <span class='ocr_line' id='line_1_15' title="bbox 320 1463 2294 1542; baseline -0.001 -20"><span class='ocrx_word' id='word_1_113' title='bbox 320 1482 454 1522; x_wconf 89' lang='lat' dir='ltr'>men</span> <span class='ocrx_word' id='word_1_114' title='bbox 508 1472 742 1521; x_wconf 87' lang='lat' dir='ltr'>senatus</span> <span class='ocrx_word' id='word_1_115' title='bbox 798 1463 1259 1521; x_wconf 75' lang='lat' dir='ltr'>constituendam</span> <span class='ocrx_word' id='word_1_116' title='bbox 1312 1465 1547 1540; x_wconf 86' lang='lat' dir='ltr'>putavit.</span> <span class='ocrx_word' id='word_1_117' title='bbox 1657 1465 1842 1522; x_wconf 88' lang='lat' dir='ltr'>Erant</span> <span class='ocrx_word' id='word_1_118' title='bbox 1893 1466 2050 1524; x_wconf 89' lang='lat' dir='ltr'>enim</span> <span class='ocrx_word' id='word_1_119' title='bbox 2115 1466 2294 1542; x_wconf 85' lang='lat' dir='ltr'>leges,</span> 
     </span>
     <span class='ocr_line' id='line_1_16' title="bbox 320 1542 2394 1618; baseline 0 -17"><span class='ocrx_word' id='word_1_120' title='bbox 320 1552 491 1601; x_wconf 87' lang='lat' dir='ltr'>erant</span> <span class='ocrx_word' id='word_1_121' title='bbox 513 1543 874 1618; x_wconf 75' lang='lat' dir='ltr'>quaestioneS,</span> <span class='ocrx_word' id='word_1_122' title='bbox 904 1542 991 1599; x_wconf 90' lang='lat' dir='ltr'>vel</span> <span class='ocrx_word' id='word_1_123' title='bbox 1020 1542 1093 1600; x_wconf 91' lang='lat' dir='ltr'>de</span> <span class='ocrx_word' id='word_1_124' title='bbox 1123 1543 1301 1613; x_wconf 83' lang='lat' dir='ltr'>caede,</span> <span class='ocrx_word' id='word_1_125' title='bbox 1334 1543 1422 1600; x_wconf 91' lang='lat' dir='ltr'>vel</span> <span class='ocrx_word' id='word_1_126' title='bbox 1464 1543 1536 1599; x_wconf 93' lang='lat' dir='ltr'>de</span> <span class='ocrx_word' id='word_1_127' title='bbox 1563 1543 1652 1600; x_wconf 86' lang='lat' dir='ltr'>vi.</span> <span class='ocrx_word' id='word_1_128' title='bbox 1695 1563 1806 1601; x_wconf 89' lang='lat' dir='ltr'>nec</span> <span class='ocrx_word' id='word_1_129' title='bbox 1845 1553 2069 1601; x_wconf 87' lang='lat' dir='ltr'>tantum</span> <span class='ocrx_word' id='word_1_130' title='bbox 2097 1562 2298 1602; x_wconf 84' lang='lat' dir='ltr'>moero-</span> <span class='ocrx_word' id='word_1_131' title='bbox 2325 1542 2394 1595; x_wconf 86' lang='lat'>15</span> 
     </span>
     <span class='ocr_line' id='line_1_17' title="bbox 269 1620 2298 1694; baseline 0.001 -15"><span class='ocrx_word' id='word_1_132' title='bbox 269 1642 278 1647; x_wconf 67' lang='grc'>’</span> <span class='ocrx_word' id='word_1_133' title='bbox 321 1641 445 1680; x_wconf 89' lang='lat' dir='ltr'>rem</span> <span class='ocrx_word' id='word_1_134' title='bbox 488 1640 557 1679; x_wconf 90' lang='lat' dir='ltr'>ac</span> <span class='ocrx_word' id='word_1_135' title='bbox 594 1622 817 1678; x_wconf 90' lang='lat' dir='ltr'>luctum</span> <span class='ocrx_word' id='word_1_136' title='bbox 858 1620 1089 1677; x_wconf 90' lang='lat' dir='ltr'>senatui</span> <span class='ocrx_word' id='word_1_137' title='bbox 1122 1640 1274 1679; x_wconf 90' lang='lat' dir='ltr'>mors</span> <span class='ocrx_word' id='word_1_138' title='bbox 1314 1620 1378 1678; x_wconf 90' lang='lat' dir='ltr'>P.</span> <span class='ocrx_word' id='word_1_139' title='bbox 1425 1620 1617 1679; x_wconf 87' lang='lat' dir='ltr'>Clodii</span> <span class='ocrx_word' id='word_1_140' title='bbox 1679 1622 1972 1694; x_wconf 86' lang='lat' dir='ltr'>afferebat,</span> <span class='ocrx_word' id='word_1_141' title='bbox 2027 1632 2092 1679; x_wconf 92' lang='lat' dir='ltr'>ut</span> <span class='ocrx_word' id='word_1_142' title='bbox 2151 1641 2298 1681; x_wconf 85' lang='lat' dir='ltr'>nova</span> 
     </span>
    </p>
   </div>
   <div class='ocr_carea' id='block_1_3' title="bbox 224 1698 2294 1776">
    <p class='ocr_par' dir='ltr' id='par_1_4' title="bbox 224 1698 2294 1776">
     <span class='ocr_line' id='line_1_18' title="bbox 224 1698 2294 1776; baseline 0.001 -21"><span class='ocrx_word' id='word_1_143' title='bbox 224 1750 227 1755; x_wconf 92' lang='lat'>.</span> <span class='ocrx_word' id='word_1_144' title='bbox 320 1700 559 1775; x_wconf 67' lang='lat' dir='ltr'>quaestio</span> <span class='ocrx_word' id='word_1_145' title='bbox 598 1698 1054 1757; x_wconf 83' lang='lat' dir='ltr'>constitueretur.</span> <span class='ocrx_word' id='word_1_146' title='bbox 1138 1700 1321 1775; x_wconf 84' lang='lat' dir='ltr'>Cujus</span> <span class='ocrx_word' id='word_1_147' title='bbox 1361 1700 1518 1758; x_wconf 88' lang='lat' dir='ltr'>enim</span> <span class='ocrx_word' id='word_1_148' title='bbox 1571 1702 1644 1758; x_wconf 91' lang='lat' dir='ltr'>de</span> <span class='ocrx_word' id='word_1_149' title='bbox 1686 1700 1783 1759; x_wconf 89' lang='lat' dir='ltr'>illo</span> <span class='ocrx_word' id='word_1_150' title='bbox 1823 1700 2044 1773; x_wconf 85' lang='lat' dir='ltr'>incesto</span> <span class='ocrx_word' id='word_1_151' title='bbox 2083 1710 2294 1776; x_wconf 90' lang='lat' dir='ltr'>stupro,</span> 
     </span>
    </p>
   </div>
   <div class='ocr_carea' id='block_1_4' title="bbox 312 1778 2400 3902">
    <p class='ocr_par' dir='ltr' id='par_1_5' title="bbox 314 1778 2394 2644">
     <span class='ocr_line' id='line_1_19' title="bbox 330 1778 2297 1855; baseline 0.001 -20"><span class='ocrx_word' id='word_1_152' title='bbox 330 1779 617 1855; x_wconf 82' lang='lat' dir='ltr'>judicium</span> <span class='ocrx_word' id='word_1_153' title='bbox 644 1778 997 1836; x_wconf 87' lang='lat' dir='ltr'>decernendi</span> <span class='ocrx_word' id='word_1_154' title='bbox 1038 1778 1263 1835; x_wconf 84' lang='lat' dir='ltr'>senatui</span> <span class='ocrx_word' id='word_1_155' title='bbox 1305 1788 1557 1854; x_wconf 81' lang='lat' dir='ltr'>potestas</span> <span class='ocrx_word' id='word_1_156' title='bbox 1603 1788 1754 1836; x_wconf 84' lang='lat' dir='ltr'>esset</span> <span class='ocrx_word' id='word_1_157' title='bbox 1799 1789 2030 1855; x_wconf 88' lang='lat' dir='ltr'>erepta;</span> <span class='ocrx_word' id='word_1_158' title='bbox 2073 1780 2145 1837; x_wconf 94' lang='lat' dir='ltr'>de</span> <span class='ocrx_word' id='word_1_159' title='bbox 2173 1778 2297 1854; x_wconf 88' lang='lat' dir='ltr'>ejus</span> 
     </span>
     <span class='ocr_line' id='line_1_20' title="bbox 322 1856 2298 1933; baseline -0.001 -18"><span class='ocrx_word' id='word_1_160' title='bbox 322 1858 578 1928; x_wconf 86' lang='lat' dir='ltr'>interitu,</span> <span class='ocrx_word' id='word_1_161' title='bbox 603 1856 730 1933; x_wconf 90' lang='lat' dir='ltr'>quis</span> <span class='ocrx_word' id='word_1_162' title='bbox 755 1866 941 1933; x_wconf 88' lang='lat' dir='ltr'>potest</span> <span class='ocrx_word' id='word_1_163' title='bbox 968 1858 1224 1927; x_wconf 83' lang='lat' dir='ltr'>credere,</span> <span class='ocrx_word' id='word_1_164' title='bbox 1273 1868 1534 1915; x_wconf 88' lang='lat' dir='ltr'>senatum</span> <span class='ocrx_word' id='word_1_165' title='bbox 1574 1857 1859 1933; x_wconf 86' lang='lat' dir='ltr'>judicium</span> <span class='ocrx_word' id='word_1_166' title='bbox 1905 1876 2114 1915; x_wconf 78' lang='lat' dir='ltr'>novum</span> <span class='ocrx_word' id='word_1_167' title='bbox 2163 1876 2298 1915; x_wconf 88' lang='lat' dir='ltr'>con-</span> 
     </span>
     <span class='ocr_line' id='line_1_21' title="bbox 320 1903 2394 2014; baseline 0.002 -21"><span class='ocrx_word' id='word_1_168' title='bbox 320 1903 671 1994; x_wconf 74' lang='lat' dir='ltr'>stituendum</span> <span class='ocrx_word' id='word_1_169' title='bbox 697 1936 968 2012; x_wconf 65' lang='lat' dir='ltr'>putasse?</span> <span class='ocrx_word' id='word_1_170' title='bbox 1049 1936 1173 1993; x_wconf 86' lang='lat' dir='ltr'>Cur</span> <span class='ocrx_word' id='word_1_171' title='bbox 1202 1935 1381 2013; x_wconf 83' lang='lat' dir='ltr'>igitur</span> <span class='ocrx_word' id='word_1_172' title='bbox 1424 1936 1757 1994; x_wconf 87' lang='lat' dir='ltr'>incendium</span> <span class='ocrx_word' id='word_1_173' title='bbox 1785 1936 1981 2008; x_wconf 82' lang='lat' dir='ltr'>curiae,</span> <span class='ocrx_word' id='word_1_174' title='bbox 2008 1955 2297 2014; x_wconf 82' lang='lat' dir='ltr'>oppugna·</span> <span class='ocrx_word' id='word_1_175' title='bbox 2321 1942 2394 1998; x_wconf 75' lang='lat'>20</span> 
     </span>
     <span class='ocr_line' id='line_1_22' title="bbox 318 2013 2298 2092; baseline 0.001 -21"><span class='ocrx_word' id='word_1_176' title='bbox 318 2016 535 2074; x_wconf 91' lang='lat' dir='ltr'>tionem</span> <span class='ocrx_word' id='word_1_177' title='bbox 564 2014 773 2072; x_wconf 82' lang='lat' dir='ltr'>aedium</span> <span class='ocrx_word' id='word_1_178' title='bbox 801 2013 886 2071; x_wconf 92' lang='grc' dir='ltr'>Μ.</span> <span class='ocrx_word' id='word_1_179' title='bbox 932 2014 1157 2090; x_wconf 89' lang='lat' dir='ltr'>Lepidi,</span> <span class='ocrx_word' id='word_1_180' title='bbox 1188 2016 1409 2073; x_wconf 83' lang='lat' dir='ltr'>caedem</span> <span class='ocrx_word' id='word_1_181' title='bbox 1457 2016 1610 2073; x_wconf 86' lang='lat' dir='ltr'>hanc</span> <span class='ocrx_word' id='word_1_182' title='bbox 1653 2016 1854 2092; x_wconf 81' lang='lat' dir='ltr'>ipsam,</span> <span class='ocrx_word' id='word_1_183' title='bbox 1904 2026 2106 2074; x_wconf 88' lang='lat' dir='ltr'>contra</span> <span class='ocrx_word' id='word_1_184' title='bbox 2151 2036 2298 2073; x_wconf 89' lang='lat' dir='ltr'>rem-</span> 
     </span>
     <span class='ocr_line' id='line_1_23' title="bbox 316 2093 2298 2170; baseline 0.002 -21"><span class='ocrx_word' id='word_1_185' title='bbox 316 2095 609 2170; x_wconf 86' lang='lat' dir='ltr'>publicam</span> <span class='ocrx_word' id='word_1_186' title='bbox 650 2102 883 2151; x_wconf 84' lang='lat' dir='ltr'>senatus</span> <span class='ocrx_word' id='word_1_187' title='bbox 924 2093 1138 2150; x_wconf 85' lang='lat' dir='ltr'>factam</span> <span class='ocrx_word' id='word_1_188' title='bbox 1178 2114 1305 2151; x_wconf 87' lang='lat' dir='ltr'>esse</span> <span class='ocrx_word' id='word_1_189' title='bbox 1346 2095 1642 2152; x_wconf 72' lang='lat' dir='ltr'>decrevit?</span> <span class='ocrx_word' id='word_1_190' title='bbox 1693 2094 1830 2170; x_wconf 87' lang='lat' dir='ltr'>quia</span> <span class='ocrx_word' id='word_1_191' title='bbox 1869 2096 2030 2153; x_wconf 88' lang='lat' dir='ltr'>nulla</span> <span class='ocrx_word' id='word_1_192' title='bbox 2067 2095 2153 2153; x_wconf 88' lang='lat' dir='ltr'>vis</span> <span class='ocrx_word' id='word_1_193' title='bbox 2193 2114 2298 2153; x_wconf 88' lang='lat' dir='ltr'>un-</span> 
     </span>
     <span class='ocr_line' id='line_1_24' title="bbox 316 2172 2296 2250; baseline 0.001 -21"><span class='ocrx_word' id='word_1_194' title='bbox 316 2191 489 2249; x_wconf 87' lang='lat' dir='ltr'>quam</span> <span class='ocrx_word' id='word_1_195' title='bbox 518 2182 604 2230; x_wconf 89' lang='lat' dir='ltr'>est</span> <span class='ocrx_word' id='word_1_196' title='bbox 646 2172 705 2230; x_wconf 89' lang='lat' dir='ltr'>in</span> <span class='ocrx_word' id='word_1_197' title='bbox 752 2172 935 2229; x_wconf 89' lang='lat' dir='ltr'>libera</span> <span class='ocrx_word' id='word_1_198' title='bbox 976 2172 1209 2230; x_wconf 88' lang='lat' dir='ltr'>civitate</span> <span class='ocrx_word' id='word_1_199' title='bbox 1250 2184 1518 2250; x_wconf 71' lang='lat' dir='ltr'>suscepta</span> <span class='ocrx_word' id='word_1_200' title='bbox 1559 2173 1706 2231; x_wconf 89' lang='lat' dir='ltr'>inter</span> <span class='ocrx_word' id='word_1_201' title='bbox 1735 2173 1910 2245; x_wconf 88' lang='lat' dir='ltr'>cives,</span> <span class='ocrx_word' id='word_1_202' title='bbox 1938 2195 2053 2232; x_wconf 91' lang='lat' dir='ltr'>non</span> <span class='ocrx_word' id='word_1_203' title='bbox 2094 2183 2296 2232; x_wconf 87' lang='lat' dir='ltr'>contra</span> 
     </span>
     <span class='ocr_line' id='line_1_25' title="bbox 317 2250 2296 2329; baseline 0.001 -19"><span class='ocrx_word' id='word_1_204' title='bbox 317 2253 749 2329; x_wconf 84' lang='lat' dir='ltr'>rempublicam.</span> <span class='ocrx_word' id='word_1_205' title='bbox 832 2250 969 2309; x_wconf 87' lang='lat' dir='ltr'>Non</span> <span class='ocrx_word' id='word_1_206' title='bbox 1008 2252 1167 2310; x_wconf 82' lang='lat' dir='ltr'>enim¹</span> <span class='ocrx_word' id='word_1_207' title='bbox 1206 2263 1292 2310; x_wconf 88' lang='lat' dir='ltr'>est</span> <span class='ocrx_word' id='word_1_208' title='bbox 1333 2253 1434 2310; x_wconf 90' lang='lat' dir='ltr'>illa</span> <span class='ocrx_word' id='word_1_209' title='bbox 1473 2253 1730 2311; x_wconf 85' lang='lat' dir='ltr'>defensio</span> <span class='ocrx_word' id='word_1_210' title='bbox 1769 2264 1971 2310; x_wconf 89' lang='lat' dir='ltr'>contra</span> <span class='ocrx_word' id='word_1_211' title='bbox 2021 2253 2137 2309; x_wconf 83' lang='lat' dir='ltr'>vim</span> <span class='ocrx_word' id='word_1_212' title='bbox 2190 2272 2296 2311; x_wconf 87' lang='lat' dir='ltr'>un-</span> 
     </span>
     <span class='ocr_line' id='line_1_26' title="bbox 319 2329 2394 2408; baseline 0 -21"><span class='ocrx_word' id='word_1_213' title='bbox 319 2351 491 2406; x_wconf 87' lang='lat' dir='ltr'>quam</span> <span class='ocrx_word' id='word_1_214' title='bbox 529 2331 809 2408; x_wconf 84' lang='lat' dir='ltr'>optanda3</span> <span class='ocrx_word' id='word_1_215' title='bbox 867 2331 968 2388; x_wconf 89' lang='lat' dir='ltr'>sed</span> <span class='ocrx_word' id='word_1_216' title='bbox 1009 2349 1422 2404; x_wconf 87' lang='lat' dir='ltr'>nonnunquam</span> <span class='ocrx_word' id='word_1_217' title='bbox 1461 2341 1548 2388; x_wconf 89' lang='lat' dir='ltr'>est</span> <span class='ocrx_word' id='word_1_218' title='bbox 1587 2331 1947 2388; x_wconf 88' lang='lat' dir='ltr'>necessaria:</span> <span class='ocrx_word' id='word_1_219' title='bbox 2005 2331 2116 2388; x_wconf 85' lang='lat' dir='ltr'>nisi</span> <span class='ocrx_word' id='word_1_220' title='bbox 2156 2329 2292 2388; x_wconf 71' lang='lat' dir='ltr'>vero</span> <span class='ocrx_word' id='word_1_221' title='bbox 2320 2334 2394 2388; x_wconf 80' lang='lat'>25</span> 
     </span>
     <span class='ocr_line' id='line_1_27' title="bbox 320 2408 2295 2484; baseline 0 -17"><span class='ocrx_word' id='word_1_222' title='bbox 320 2420 418 2467; x_wconf 87' lang='lat' dir='ltr'>aut</span> <span class='ocrx_word' id='word_1_223' title='bbox 459 2410 555 2468; x_wconf 90' lang='lat' dir='ltr'>ille</span> <span class='ocrx_word' id='word_1_224' title='bbox 596 2410 738 2481; x_wconf 90' lang='lat' dir='ltr'>dies,</span> <span class='ocrx_word' id='word_1_225' title='bbox 800 2409 860 2467; x_wconf 91' lang='lat' dir='ltr'>in</span> <span class='ocrx_word' id='word_1_226' title='bbox 902 2428 1015 2483; x_wconf 89' lang='lat' dir='ltr'>quo</span> <span class='ocrx_word' id='word_1_227' title='bbox 1056 2409 1152 2466; x_wconf 88' lang='lat' dir='ltr'>Ti.</span> <span class='ocrx_word' id='word_1_228' title='bbox 1195 2409 1501 2466; x_wconf 87' lang='lat' dir='ltr'>Gracchus</span> <span class='ocrx_word' id='word_1_229' title='bbox 1541 2418 1628 2466; x_wconf 87' lang='lat' dir='ltr'>est</span> <span class='ocrx_word' id='word_1_230' title='bbox 1668 2425 1870 2480; x_wconf 74' lang='lat' dir='ltr'>caesus,</span> <span class='ocrx_word' id='word_1_231' title='bbox 1921 2419 2020 2466; x_wconf 86' lang='lat' dir='ltr'>aut</span> <span class='ocrx_word' id='word_1_232' title='bbox 2047 2408 2142 2466; x_wconf 91' lang='lat' dir='ltr'>ille</span> <span class='ocrx_word' id='word_1_233' title='bbox 2182 2429 2295 2484; x_wconf 92' lang='lat' dir='ltr'>quo</span> 
     </span>
     <span class='ocr_line' id='line_1_28' title="bbox 316 2487 2296 2564; baseline 0 -18"><span class='ocrx_word' id='word_1_234' title='bbox 316 2489 518 2560; x_wconf 87' lang='lat' dir='ltr'>Caius,</span> <span class='ocrx_word' id='word_1_235' title='bbox 550 2499 649 2546; x_wconf 88' lang='lat' dir='ltr'>aut</span> <span class='ocrx_word' id='word_1_236' title='bbox 686 2507 801 2564; x_wconf 91' lang='lat' dir='ltr'>quo</span> <span class='ocrx_word' id='word_1_237' title='bbox 841 2506 1000 2544; x_wconf 84' lang='lat' dir='ltr'>arma</span> <span class='ocrx_word' id='word_1_238' title='bbox 1044 2487 1343 2544; x_wconf 89' lang='lat' dir='ltr'>Saturnini</span> <span class='ocrx_word' id='word_1_239' title='bbox 1381 2506 1650 2563; x_wconf 89' lang='lat' dir='ltr'>oppressa</span> <span class='ocrx_word' id='word_1_240' title='bbox 1689 2498 1840 2558; x_wconf 88' lang='lat' dir='ltr'>sunt,</span> <span class='ocrx_word' id='word_1_241' title='bbox 1883 2487 2108 2545; x_wconf 86' lang='lat' dir='ltr'>etiamsi</span> <span class='ocrx_word' id='word_1_242' title='bbox 2135 2508 2168 2546; x_wconf 94' lang='lat' dir='ltr'>e</span> <span class='ocrx_word' id='word_1_243' title='bbox 2208 2508 2296 2546; x_wconf 88' lang='lat' dir='ltr'>re-</span> 
     </span>
     <span class='ocr_line' id='line_1_29' title="bbox 314 2567 1808 2656; baseline -0.001 -33"><span class='ocrx_word' id='word_1_244' title='bbox 314 2568 571 2644; x_wconf 71' lang='lat' dir='ltr'>publica,</span> <span class='ocrx_word' id='word_1_245' title='bbox 599 2567 1011 2656; x_wconf 85' lang='lat' dir='ltr'>rempublicam</span> <span class='ocrx_word' id='word_1_246' title='bbox 1041 2576 1235 2624; x_wconf 87' lang='lat' dir='ltr'>tamen</span> <span class='ocrx_word' id='word_1_247' title='bbox 1276 2585 1391 2624; x_wconf 87' lang='lat' dir='ltr'>non</span> <span class='ocrx_word' id='word_1_248' title='bbox 1421 2567 1808 2624; x_wconf 85' lang='lat' dir='ltr'>vulnerarunt.</span> 
     </span>
    </p>

    <p class='ocr_par' dir='ltr' id='par_1_6' title="bbox 314 2644 2400 3430">
     <span class='ocr_line' id='line_1_30' title="bbox 398 2644 2296 2722; baseline 0.001 -20"><span class='ocrx_word' id='word_1_249' title='bbox 398 2645 502 2703; x_wconf 91' lang='lat' dir='ltr'>VI.</span> <span class='ocrx_word' id='word_1_250' title='bbox 572 2645 779 2720; x_wconf 87' lang='lat' dir='ltr'>Itaque</span> <span class='ocrx_word' id='word_1_251' title='bbox 822 2663 931 2722; x_wconf 85' lang='lat' dir='ltr'>ego</span> <span class='ocrx_word' id='word_1_252' title='bbox 973 2645 1092 2720; x_wconf 86' lang='lat' dir='ltr'>ipse</span> <span class='ocrx_word' id='word_1_253' title='bbox 1136 2645 1387 2716; x_wconf 88' lang='lat' dir='ltr'>decrevi,</span> <span class='ocrx_word' id='word_1_254' title='bbox 1416 2663 1552 2702; x_wconf 90' lang='lat' dir='ltr'>cum</span> <span class='ocrx_word' id='word_1_255' title='bbox 1597 2646 1814 2703; x_wconf 82' lang='lat' dir='ltr'>caedem</span> <span class='ocrx_word' id='word_1_256' title='bbox 1857 2644 1918 2702; x_wconf 89' lang='lat' dir='ltr'>in</span> <span class='ocrx_word' id='word_1_257' title='bbox 1947 2645 2137 2722; x_wconf 84' lang='lat' dir='ltr'>Appia</span> <span class='ocrx_word' id='word_1_258' title='bbox 2179 2646 2296 2703; x_wconf 89' lang='lat' dir='ltr'>fac-</span> 
     </span>
     <span class='ocr_line' id='line_1_31' title="bbox 316 2724 2394 2822; baseline -0.001 -40"><span class='ocrx_word' id='word_1_259' title='bbox 316 2734 435 2782; x_wconf 89' lang='lat' dir='ltr'>tam</span> <span class='ocrx_word' id='word_1_260' title='bbox 464 2744 589 2782; x_wconf 89' lang='lat' dir='ltr'>esse</span> <span class='ocrx_word' id='word_1_261' title='bbox 618 2734 923 2794; x_wconf 87' lang='lat' dir='ltr'>constaret,</span> <span class='ocrx_word' id='word_1_262' title='bbox 953 2745 1066 2782; x_wconf 90' lang='lat' dir='ltr'>non</span> <span class='ocrx_word' id='word_1_263' title='bbox 1095 2743 1251 2822; x_wconf 68' lang='lat' dir='ltr'>eum,</span> <span class='ocrx_word' id='word_1_264' title='bbox 1278 2724 1377 2800; x_wconf 86' lang='lat' dir='ltr'>qui</span> <span class='ocrx_word' id='word_1_265' title='bbox 1405 2743 1468 2782; x_wconf 87' lang='lat' dir='ltr'>se</span> <span class='ocrx_word' id='word_1_266' title='bbox 1509 2724 1876 2795; x_wconf 87' lang='lat' dir='ltr'>defendisset,</span> <span class='ocrx_word' id='word_1_267' title='bbox 1907 2735 2106 2784; x_wconf 86' lang='lat' dir='ltr'>contra</span> <span class='ocrx_word' id='word_1_268' title='bbox 2149 2743 2296 2782; x_wconf 89' lang='lat' dir='ltr'>rem·</span> <span class='ocrx_word' id='word_1_269' title='bbox 2321 2724 2394 2780; x_wconf 65' lang='grc' dir='ltr'>ω</span> 
     </span>
     <span class='ocr_line' id='line_1_32' title="bbox 315 2803 2296 2879; baseline 0.001 -19"><span class='ocrx_word' id='word_1_270' title='bbox 315 2821 393 2879; x_wconf 89' lang='lat' dir='ltr'>pu</span> <span class='ocrx_word' id='word_1_271' title='bbox 402 2805 608 2860; x_wconf 53' lang='lat' dir='ltr'>sslicam</span> <span class='ocrx_word' id='word_1_272' title='bbox 638 2803 875 2861; x_wconf 85' lang='lat' dir='ltr'>fecisse·</span> <span class='ocrx_word' id='word_1_273' title='bbox 862 2847 876 2872; x_wconf 94' lang='lat'>,</span> <span class='ocrx_word' id='word_1_274' title='bbox 919 2803 1041 2874; x_wconf 83' lang='lat' dir='ltr'>sed,</span> <span class='ocrx_word' id='word_1_275' title='bbox 1071 2823 1207 2860; x_wconf 91' lang='lat' dir='ltr'>cum</span> <span class='ocrx_word' id='word_1_276' title='bbox 1236 2803 1451 2862; x_wconf 86' lang='lat' dir='ltr'>inesset</span> <span class='ocrx_word' id='word_1_277' title='bbox 1495 2803 1554 2861; x_wconf 89' lang='lat' dir='ltr'>in</span> <span class='ocrx_word' id='word_1_278' title='bbox 1597 2823 1660 2860; x_wconf 88' lang='lat' dir='ltr'>re</span> <span class='ocrx_word' id='word_1_279' title='bbox 1700 2803 1786 2860; x_wconf 82' lang='lat' dir='ltr'>vis</span> <span class='ocrx_word' id='word_1_280' title='bbox 1812 2813 1871 2861; x_wconf 83' lang='lat' dir='ltr'>et</span> <span class='ocrx_word' id='word_1_281' title='bbox 1899 2804 2142 2875; x_wconf 63' lang='lat' dir='ltr'>insidiae,</span> <span class='ocrx_word' id='word_1_282' title='bbox 2185 2803 2296 2862; x_wconf 87' lang='lat' dir='ltr'>cri·</span> 
     </span>
     <span class='ocr_line' id='line_1_33' title="bbox 316 2880 2293 2960; baseline 0.001 -22"><span class='ocrx_word' id='word_1_283' title='bbox 316 2901 448 2939; x_wconf 89' lang='lat' dir='ltr'>men</span> <span class='ocrx_word' id='word_1_284' title='bbox 488 2882 711 2958; x_wconf 87' lang='lat' dir='ltr'>judicio</span> <span class='ocrx_word' id='word_1_285' title='bbox 755 2883 1071 2952; x_wconf 84' lang='lat' dir='ltr'>reservavi3</span> <span class='ocrx_word' id='word_1_286' title='bbox 1116 2901 1237 2940; x_wconf 89' lang='lat' dir='ltr'>rem</span> <span class='ocrx_word' id='word_1_287' title='bbox 1284 2882 1496 2940; x_wconf 89' lang='lat' dir='ltr'>notavi.</span> <span class='ocrx_word' id='word_1_288' title='bbox 1576 2880 1758 2944; x_wconf 76' lang='lat' dir='ltr'>Quod</span> <span class='ocrx_word' id='word_1_289' title='bbox 1787 2883 1856 2954; x_wconf 88' lang='lat' dir='ltr'>si,</span> <span class='ocrx_word' id='word_1_290' title='bbox 1883 2902 1984 2960; x_wconf 89' lang='lat' dir='ltr'>per</span> <span class='ocrx_word' id='word_1_291' title='bbox 2018 2884 2293 2941; x_wconf 86' lang='lat' dir='ltr'>furiosum</span> 
     </span>
     <span class='ocr_line' id='line_1_34' title="bbox 317 2961 2292 3036; baseline 0 -19"><span class='ocrx_word' id='word_1_292' title='bbox 317 2961 479 3017; x_wconf 87' lang='lat' dir='ltr'>illum</span> <span class='ocrx_word' id='word_1_293' title='bbox 505 2961 820 3030; x_wconf 90' lang='lat' dir='ltr'>tribunum,</span> <span class='ocrx_word' id='word_1_294' title='bbox 864 2961 1110 3032; x_wconf 88' lang='lat' dir='ltr'>senatui,</span> <span class='ocrx_word' id='word_1_295' title='bbox 1156 2963 1306 3036; x_wconf 91' lang='lat' dir='ltr'>quod</span> <span class='ocrx_word' id='word_1_296' title='bbox 1351 2961 1653 3032; x_wconf 87' lang='lat' dir='ltr'>sentiebat,</span> <span class='ocrx_word' id='word_1_297' title='bbox 1699 2961 1974 3036; x_wconf 88' lang='lat' dir='ltr'>perficere</span> <span class='ocrx_word' id='word_1_298' title='bbox 2014 2961 2292 3032; x_wconf 87' lang='lat' dir='ltr'>licuisset,</span> 
     </span>
     <span class='ocr_line' id='line_1_35' title="bbox 317 3039 2294 3114; baseline 0 -18"><span class='ocrx_word' id='word_1_299' title='bbox 317 3058 525 3096; x_wconf 88' lang='lat' dir='ltr'>novam</span> <span class='ocrx_word' id='word_1_300' title='bbox 566 3039 938 3114; x_wconf 67' lang='lat' dir='ltr'>quaestionem</span> <span class='ocrx_word' id='word_1_301' title='bbox 980 3059 1138 3097; x_wconf 89' lang='lat' dir='ltr'>nunc</span> <span class='ocrx_word' id='word_1_302' title='bbox 1191 3041 1409 3098; x_wconf 88' lang='lat' dir='ltr'>nullam</span> <span class='ocrx_word' id='word_1_303' title='bbox 1464 3040 1822 3098; x_wconf 78' lang='lat' dir='ltr'>haberemus,</span> <span class='ocrx_word' id='word_1_304' title='bbox 1926 3040 2294 3098; x_wconf 86' lang='lat' dir='ltr'>Decernebat</span> 
     </span>
     <span class='ocr_line' id='line_1_36' title="bbox 316 3115 2400 3194; baseline -0.001 -21"><span class='ocrx_word' id='word_1_305' title='bbox 316 3118 493 3188; x_wconf 84' lang='lat' dir='ltr'>enim,</span> <span class='ocrx_word' id='word_1_306' title='bbox 550 3131 633 3189; x_wconf 90' lang='lat' dir='ltr'>ut,</span> <span class='ocrx_word' id='word_1_307' title='bbox 687 3117 977 3176; x_wconf 86' lang='lat' dir='ltr'>veteribus</span> <span class='ocrx_word' id='word_1_308' title='bbox 1034 3118 1279 3194; x_wconf 87' lang='lat' dir='ltr'>legibus,</span> <span class='ocrx_word' id='word_1_309' title='bbox 1338 3119 1733 3176; x_wconf 86' lang='lat' dir='ltr'>tantummodo</span> <span class='ocrx_word' id='word_1_310' title='bbox 1791 3129 1954 3176; x_wconf 83' lang='lat' dir='ltr'>extra</span> <span class='ocrx_word' id='word_1_311' title='bbox 2011 3119 2291 3187; x_wconf 91' lang='lat' dir='ltr'>ordinem,</span> <span class='ocrx_word' id='word_1_312' title='bbox 2319 3115 2400 3171; x_wconf 79' lang='lat'>35.</span> 
     </span>
     <span class='ocr_line' id='line_1_37' title="bbox 316 3195 2290 3272; baseline 0.001 -20"><span class='ocrx_word' id='word_1_313' title='bbox 316 3207 681 3271; x_wconf 64' lang='lat' dir='ltr'>quaereretur.</span> <span class='ocrx_word' id='word_1_314' title='bbox 791 3195 995 3254; x_wconf 88' lang='lat' dir='ltr'>Divisa</span> <span class='ocrx_word' id='word_1_315' title='bbox 1046 3198 1331 3255; x_wconf 87' lang='lat' dir='ltr'>sententia</span> <span class='ocrx_word' id='word_1_316' title='bbox 1372 3207 1478 3268; x_wconf 90' lang='lat' dir='ltr'>est,</span> <span class='ocrx_word' id='word_1_317' title='bbox 1530 3197 1852 3272; x_wconf 89' lang='lat' dir='ltr'>postulante</span> <span class='ocrx_word' id='word_1_318' title='bbox 1907 3197 2106 3254; x_wconf 87' lang='lat' dir='ltr'>nescio</span> <span class='ocrx_word' id='word_1_319' title='bbox 2145 3215 2290 3271; x_wconf 88' lang='lat' dir='ltr'>quO.</span> <span class='ocrx_word' id='word_1_320' title='bbox 2277 3216 2290 3228; x_wconf 94' lang='lat'><strong>·</strong></span> 
     </span>
     <span class='ocr_line' id='line_1_38' title="bbox 314 3274 2293 3351; baseline -0.001 -19"><span class='ocrx_word' id='word_1_321' title='bbox 314 3275 458 3332; x_wconf 88' lang='lat' dir='ltr'>nihil</span> <span class='ocrx_word' id='word_1_322' title='bbox 501 3277 657 3332; x_wconf 89' lang='lat' dir='ltr'>enim</span> <span class='ocrx_word' id='word_1_323' title='bbox 697 3294 936 3333; x_wconf 85' lang='lat' dir='ltr'>necesse</span> <span class='ocrx_word' id='word_1_324' title='bbox 978 3285 1083 3345; x_wconf 90' lang='lat' dir='ltr'>est,</span> <span class='ocrx_word' id='word_1_325' title='bbox 1125 3277 1382 3332; x_wconf 89' lang='lat' dir='ltr'>omnium</span> <span class='ocrx_word' id='word_1_326' title='bbox 1424 3295 1516 3334; x_wconf 91' lang='lat' dir='ltr'>me</span> <span class='ocrx_word' id='word_1_327' title='bbox 1559 3274 1778 3351; x_wconf 88' lang='lat' dir='ltr'>flagitia</span> <span class='ocrx_word' id='word_1_328' title='bbox 1815 3275 2085 3351; x_wconf 85' lang='lat' dir='ltr'>proferre.</span> <span class='ocrx_word' id='word_1_329' title='bbox 2190 3274 2293 3331; x_wconf 89' lang='lat' dir='ltr'>Sic</span> 
     </span>
     <span class='ocr_line' id='line_1_39' title="bbox 314 3351 2211 3430; baseline -0.001 -20"><span class='ocrx_word' id='word_1_330' title='bbox 314 3354 534 3428; x_wconf 87' lang='lat' dir='ltr'>reliqua</span> <span class='ocrx_word' id='word_1_331' title='bbox 562 3353 871 3411; x_wconf 87' lang='lat' dir='ltr'>auctoritas</span> <span class='ocrx_word' id='word_1_332' title='bbox 899 3351 1151 3424; x_wconf 79' lang='lat' dir='ltr'>senatuS,</span> <span class='ocrx_word' id='word_1_333' title='bbox 1180 3354 1372 3430; x_wconf 84' lang='lat' dir='ltr'>empta</span> <span class='ocrx_word' id='word_1_334' title='bbox 1401 3353 1828 3424; x_wconf 86' lang='lat' dir='ltr'>intercessione,</span> <span class='ocrx_word' id='word_1_335' title='bbox 1857 3352 2083 3408; x_wconf 87' lang='lat' dir='ltr'>sublata</span> <span class='ocrx_word' id='word_1_336' title='bbox 2108 3360 2211 3409; x_wconf 88' lang='lat' dir='ltr'>est.</span> 
     </span>
    </p>

    <p class='ocr_par' dir='ltr' id='par_1_7' title="bbox 312 3431 2391 3902">
     <span class='ocr_line' id='line_1_40' title="bbox 398 3431 2292 3522; baseline -0.002 -33"><span class='ocrx_word' id='word_1_337' title='bbox 398 3434 476 3489; x_wconf 88' lang='lat' dir='ltr'>At</span> <span class='ocrx_word' id='word_1_338' title='bbox 503 3433 657 3490; x_wconf 89' lang='lat' dir='ltr'>enim</span> <span class='ocrx_word' id='word_1_339' title='bbox 688 3433 797 3490; x_wconf 88' lang='lat' dir='ltr'>Cn.</span> <span class='ocrx_word' id='word_1_340' title='bbox 828 3432 1153 3522; x_wconf 83' lang='lat' dir='ltr'>Pompeius,</span> <span class='ocrx_word' id='word_1_341' title='bbox 1182 3433 1478 3508; x_wconf 89' lang='lat' dir='ltr'>rogatione</span> <span class='ocrx_word' id='word_1_342' title='bbox 1507 3451 1612 3488; x_wconf 87' lang='lat' dir='ltr'>sua</span> <span class='ocrx_word' id='word_1_343' title='bbox 1639 3441 1698 3488; x_wconf 88' lang='lat' dir='ltr'>et</span> <span class='ocrx_word' id='word_1_344' title='bbox 1724 3431 1796 3488; x_wconf 91' lang='lat' dir='ltr'>de</span> <span class='ocrx_word' id='word_1_345' title='bbox 1837 3450 1900 3488; x_wconf 89' lang='lat' dir='ltr'>re</span> <span class='ocrx_word' id='word_1_346' title='bbox 1927 3440 1986 3487; x_wconf 88' lang='lat' dir='ltr'>et</span> <span class='ocrx_word' id='word_1_347' title='bbox 2013 3431 2086 3488; x_wconf 93' lang='lat' dir='ltr'>de</span> <span class='ocrx_word' id='word_1_348' title='bbox 2113 3449 2292 3488; x_wconf 87' lang='lat' dir='ltr'>causa</span> 
     </span>
     <span class='ocr_line' id='line_1_41' title="bbox 323 3506 2391 3586; baseline -0.002 -20"><span class='ocrx_word' id='word_1_349' title='bbox 323 3509 636 3586; x_wconf 85' lang='lat' dir='ltr'>judicavit:</span> <span class='ocrx_word' id='word_1_350' title='bbox 678 3511 811 3568; x_wconf 91' lang='lat' dir='ltr'>tulit</span> <span class='ocrx_word' id='word_1_351' title='bbox 837 3511 992 3569; x_wconf 85' lang='lat' dir='ltr'>enim</span> <span class='ocrx_word' id='word_1_352' title='bbox 1020 3511 1093 3569; x_wconf 92' lang='lat' dir='ltr'>de</span> <span class='ocrx_word' id='word_1_353' title='bbox 1121 3511 1301 3582; x_wconf 84' lang='lat' dir='ltr'>caede,</span> <span class='ocrx_word' id='word_1_354' title='bbox 1331 3527 1458 3586; x_wconf 80' lang='lat' dir='ltr'>quae</span> <span class='ocrx_word' id='word_1_355' title='bbox 1487 3511 1548 3568; x_wconf 87' lang='lat' dir='ltr'>in</span> <span class='ocrx_word' id='word_1_356' title='bbox 1578 3509 1767 3585; x_wconf 85' lang='lat' dir='ltr'>Appia</span> <span class='ocrx_word' id='word_1_357' title='bbox 1793 3509 1888 3566; x_wconf 83' lang='lat' dir='ltr'>via</span> <span class='ocrx_word' id='word_1_358' title='bbox 1927 3509 2080 3568; x_wconf 84' lang='lat' dir='ltr'>facta</span> <span class='ocrx_word' id='word_1_359' title='bbox 2119 3519 2290 3580; x_wconf 90' lang='lat' dir='ltr'>esset,</span> <span class='ocrx_word' id='word_1_360' title='bbox 2319 3506 2391 3562; x_wconf 81' lang='lat'>40</span> 
     </span>
     <span class='ocr_line' id='line_1_42' title="bbox 315 3587 2291 3665; baseline 0 -19"><span class='ocrx_word' id='word_1_361' title='bbox 315 3589 375 3646; x_wconf 87' lang='lat' dir='ltr'>in</span> <span class='ocrx_word' id='word_1_362' title='bbox 402 3589 515 3665; x_wconf 85' lang='lat' dir='ltr'>qua</span> <span class='ocrx_word' id='word_1_363' title='bbox 557 3590 620 3647; x_wconf 92' lang='lat' dir='ltr'>P.</span> <span class='ocrx_word' id='word_1_364' title='bbox 652 3589 892 3648; x_wconf 89' lang='lat' dir='ltr'>Clodius</span> <span class='ocrx_word' id='word_1_365' title='bbox 936 3590 1168 3648; x_wconf 87' lang='lat' dir='ltr'>occisus</span> <span class='ocrx_word' id='word_1_366' title='bbox 1210 3589 1333 3647; x_wconf 85' lang='lat' dir='ltr'>fuit.</span> <span class='ocrx_word' id='word_1_367' title='bbox 1415 3589 1582 3650; x_wconf 79' lang='lat' dir='ltr'>Quid</span> <span class='ocrx_word' id='word_1_368' title='bbox 1629 3607 1768 3665; x_wconf 86' lang='lat' dir='ltr'>ergo</span> <span class='ocrx_word' id='word_1_369' title='bbox 1807 3587 1981 3646; x_wconf 76' lang='lat' dir='ltr'>tulit?</span> <span class='ocrx_word' id='word_1_370' title='bbox 2062 3588 2291 3664; x_wconf 86' lang='lat' dir='ltr'>Nempe</span> 
     </span>
     <span class='ocr_line' id='line_1_43' title="bbox 312 3667 2289 3744; baseline 0 -20"><span class='ocrx_word' id='word_1_371' title='bbox 312 3677 377 3724; x_wconf 89' lang='lat' dir='ltr'>ut</span> <span class='ocrx_word' id='word_1_372' title='bbox 402 3677 793 3742; x_wconf 67' lang='lat' dir='ltr'>quaereretur.</span> <span class='ocrx_word' id='word_1_373' title='bbox 849 3668 1016 3730; x_wconf 81' lang='lat' dir='ltr'>Quid</span> <span class='ocrx_word' id='word_1_374' title='bbox 1048 3688 1214 3744; x_wconf 90' lang='lat' dir='ltr'>porro</span> <span class='ocrx_word' id='word_1_375' title='bbox 1251 3669 1622 3743; x_wconf 63' lang='lat' dir='ltr'>quaerendum</span> <span class='ocrx_word' id='word_1_376' title='bbox 1666 3667 1798 3725; x_wconf 68' lang='lat' dir='ltr'>est?</span> <span class='ocrx_word' id='word_1_377' title='bbox 1841 3668 2142 3726; x_wconf 89' lang='lat' dir='ltr'>factumne</span> <span class='ocrx_word' id='word_1_378' title='bbox 2175 3668 2289 3726; x_wconf 68' lang='lat' dir='ltr'>siti</span> 
     </span>
     <span class='ocr_line' id='line_1_44' title="bbox 314 3745 2309 3823; baseline 0.001 -20"><span class='ocrx_word' id='word_1_379' title='bbox 314 3756 375 3803; x_wconf 89' lang='lat' dir='ltr'>at</span> <span class='ocrx_word' id='word_1_380' title='bbox 414 3757 670 3804; x_wconf 87' lang='lat' dir='ltr'>constat:</span> <span class='ocrx_word' id='word_1_381' title='bbox 715 3765 749 3804; x_wconf 88' lang='lat' dir='ltr'>a</span> <span class='ocrx_word' id='word_1_382' title='bbox 788 3748 939 3822; x_wconf 77' lang='lat' dir='ltr'>quo‘l</span> <span class='ocrx_word' id='word_1_383' title='bbox 997 3757 1054 3804; x_wconf 91' lang='lat' dir='ltr'>at</span> <span class='ocrx_word' id='word_1_384' title='bbox 1092 3757 1263 3823; x_wconf 88' lang='lat' dir='ltr'>patet.</span> <span class='ocrx_word' id='word_1_385' title='bbox 1346 3745 1531 3818; x_wconf 89' lang='lat' dir='ltr'>Vidit,</span> <span class='ocrx_word' id='word_1_386' title='bbox 1587 3746 1762 3804; x_wconf 88' lang='lat' dir='ltr'>etiam</span> <span class='ocrx_word' id='word_1_387' title='bbox 1815 3746 1877 3804; x_wconf 91' lang='lat' dir='ltr'>in</span> <span class='ocrx_word' id='word_1_388' title='bbox 1931 3747 2309 3805; x_wconf 57' lang='lat' dir='ltr'>confessione*</span> 
     </span>
     <span class='ocr_line' id='line_1_45' title="bbox 313 3824 2290 3902; baseline -0.001 -20"><span class='ocrx_word' id='word_1_389' title='bbox 313 3825 473 3898; x_wconf 84' lang='lat' dir='ltr'>facti,</span> <span class='ocrx_word' id='word_1_390' title='bbox 524 3825 671 3902; x_wconf 81' lang='lat' dir='ltr'>juris</span> <span class='ocrx_word' id='word_1_391' title='bbox 726 3835 921 3884; x_wconf 87' lang='lat' dir='ltr'>tamen</span> <span class='ocrx_word' id='word_1_392' title='bbox 975 3825 1366 3883; x_wconf 87' lang='lat' dir='ltr'>defensionem</span> <span class='ocrx_word' id='word_1_393' title='bbox 1421 3825 1632 3900; x_wconf 88' lang='lat' dir='ltr'>suscipi</span> <span class='ocrx_word' id='word_1_394' title='bbox 1672 3845 1852 3901; x_wconf 87' lang='lat' dir='ltr'>posse.</span> <span class='ocrx_word' id='word_1_395' title='bbox 1952 3824 2137 3887; x_wconf 70' lang='lat' dir='ltr'>Quod</span> <span class='ocrx_word' id='word_1_396' title='bbox 2177 3824 2290 3882; x_wconf 84' lang='lat' dir='ltr'>nisi</span> 
     </span>
    </p>
   </div>
  </div>
 </body>
</html>
