2698 4492
699 342 969 392 ORATIO
1012 342 1111 392 111.
1154 343 1231 393 IN
1277 343 1338 392 L.
1385 343 1810 395 CATILINAM.
2257 349 2328 408 31

353 483 525 542 VIII.
604 483 961 560 Quanquam
988 486 1114 543 haec
1138 486 1353 557 omnia,
1379 487 1664 558 Quirites,
1693 487 1776 544 ita
1799 495 1934 545 sunt
1963 504 1997 544 a
2022 505 2116 544 me
2145 488 2242 545 ad-

276 564 615 634 ministrata,
643 573 706 620 ut
741 563 997 620 Deorum
1044 563 1448 622 immortalium
1494 576 1639 624 nutu
1687 575 1858 640 atque
1903 565 2143 624 consilio
2179 575 2241 628 ct

274 653 437 716 gesta
462 652 522 700 et
544 641 766 718 provisa
792 660 919 700 esse
944 641 1259 700 videantur.
1344 642 1528 718 quue
1574 663 1720 703 cum·
1739 644 2076 720 conjectura
2104 663 2238 703 con-

274 720 435 795 sequi
460 739 776 796 possumus,
809 718 992 796 (quod
1018 720 1113 776 vix
1148 721 1372 778 videtur
1413 723 1651 781 humani
1697 724 1922 781 consilii
1949 732 2236 790 tantarum

271 817 462 856 rerum
490 798 829 875 gubernatio
854 817 980 856 esse
1005 798 1317 877 potuisse);
1359 809 1484 876 tum
1517 798 1653 859 vero
1681 801 1765 858 ita
1800 811 2108 878 praesentes
2146 801 2237 858 his
2296 807 2334 858 5

270 878 619 952 temporibus
644 895 809 952 opem
838 885 895 932 et
923 876 1195 933 auxilium
1223 877 1388 934 nobis
1413 878 1687 950 tulerunt,
1715 890 1778 936 ut
1804 899 1902 937 eos
1926 877 2074 956 pene
2101 898 2238 937 ocu-

268 954 341 1010 lis
369 955 565 1011 videre
588 972 899 1030 possemus,
981 953 1158 1024 Nam,
1187 964 1250 1011 ut
1294 954 1394 1012 illa
1437 955 1716 1026 omittam,
1759 957 1910 1014 visas
1955 967 2236 1014 nocturno

267 1041 524 1106 tempore
553 1033 624 1087 ab
651 1031 977 1088 Occidente
1024 1031 1183 1089 faces
1210 1033 1584 1105 ardoremque
1629 1033 1780 1104 coeli,
1821 1045 1885 1092 ut
1931 1034 2234 1091 fulminum
2317 1099 2328 1110 ι

278 1109 489 1182 jactuS,
518 1105 582 1166 iit
608 1119 771 1166 terrae
800 1119 1002 1180 motuS,
1031 1119 1095 1166 ut
1122 1120 1352 1181 caetera,
1382 1129 1508 1184 quae
1535 1119 1652 1166 tam
1681 1111 1880 1183 multa,
1909 1112 2074 1168 nobis
2103 1105 2326 1178 con--lr

268 1186 508 1258 sulibuS‚
539 1187 693 1245 facta
718 1197 869 1258 sunt,
898 1198 962 1245 ut
982 1189 1132 1259 'haec,
1162 1208 1287 1263 quae
1334 1207 1496 1246 nunc
1541 1189 1705 1260 fiunt,
1735 1208 1944 1248 canere
1991 1189 2092 1246 Dii
2132 1189 2236 1245 im·
2261 1192 2329 1245 10

265 1264 533 1322 mortales
566 1266 924 1336 viderentur3
968 1267 1077 1324 hoc
1105 1265 1283 1338 certe,
1309 1266 1598 1338 Quirites,
1621 1268 1770 1341 quod
1799 1287 1924 1324 sum
1953 1267 2233 1339 dicturus,

263 1361 453 1414 neque
478 1345 1043 1418 praetermittendum,
1072 1365 1259 1420 neque
1286 1345 1726 1419 relinquendum
1753 1355 1856 1403 est.

342 1420 401 1484 N
408 1440 499 1478 am
524 1421 779 1498 profecto
808 1423 1083 1481 memoria
1110 1425 1337 1494 tenetis,
1367 1424 1540 1481 Cotta
1567 1433 1624 1481 et
1651 1425 1948 1498 Torquato
1987 1424 2237 1482 consuli-

264 1497 389 1569 bus,
420 1501 739 1576 complures
766 1501 825 1558 in
854 1501 1138 1577 Capitolio
1172 1521 1264 1559 res
1292 1503 1366 1559 de
1407 1502 1552 1560 coelo
1591 1522 1716 1560 esse
1742 1521 2062 1578 percussas,
2093 1500 2230 1560 cum

262 1585 320 1632 et
358 1579 667 1636 simulacra
707 1579 961 1636 Deorum
1002 1580 1408 1638 immortalium
1447 1581 1684 1655 depulsa
1723 1589 1874 1651 sunt,
1929 1591 1988 1638 et
2027 1591 2228 1638 statute
2255 1593 2325 1646 15

262 1665 516 1713 veterum
546 1657 840 1714 hominum
868 1657 1124 1732 dejectae,
1147 1668 1203 1715 et
1230 1659 1424 1734 legum
1455 1678 1568 1715 aera
1593 1659 1920 1732 liquefacta.
2003 1659 2228 1716 Tactus

260 1743 347 1789 est
374 1735 549 1792 etiam
578 1736 694 1806 ille,
724 1735 821 1809 qui
850 1736 1001 1792 hanc
1029 1737 1229 1793 urbem
1259 1736 1536 1806 condidit,
1566 1736 1886 1805 Romulus3
1931 1755 2102 1810 quem
2143 1737 2228 1793 in-

259 1822 523 1870 auratum
544 1814 605 1870 in
626 1813 910 1889 Capitolio
927 1833 1161 1889 parvum
1186 1825 1354 1888 atque
1375 1813 1702 1884 lactentem,
1725 1814 1998 1871 uberibus
2016 1814 2227 1889 lupinis

259 1886 597 1962 inhiantem,
646 1891 821 1950 fuisse
863 1892 1219 1950 meministis
1315 1891 1458 1952 Quo
1500 1892 1732 1966 quidem
1773 1901 2044 1968 tempore,
2087 1890 2224 1949 cum

257 1970 549 2045 aruspices
576 1989 647 2028 ex
672 1971 791 2028 tota
818 1970 1051 2027 Etruria
1082 1970 1500 2041 convenissent,
1524 1971 1711 2028 caedes
1735 1980 1903 2044 atque
1932 1971 2220 2043 incendia,
2247 1979 2321 2034 20

254 2053 311 2101 et
335 2046 531 2124 legum
560 2048 872 2120 interitum,
910 2059 969 2106 et
994 2049 1207 2107 bellum
1235 2049 1405 2107 civile
1435 2067 1504 2106 ac
1533 2050 1928 2120 domesticum,
1966 2059 2024 2108 et
2049 2050 2222 2107 totius

253 2124 408 2182 urbis
438 2137 612 2200 atque
639 2127 863 2203 imperii
889 2141 1160 2185 occasum
1190 2126 1636 2204 appropinquare
1665 2129 1950 2198 dixerunt,
1979 2128 2093 2185 nisi
2120 2128 2222 2186 Dii

252 2199 621 2278 immortaleS,
650 2206 806 2267 omni
834 2207 1056 2265 ratione
1081 2206 1313 2283 placati,
1342 2225 1448 2266 suo
1473 2206 1710 2265 numine
1729 2205 1920 2283 ,prope
1952 2206 2070 2264 fata
2097 2206 2222 2283 ipsa

251 2276 558 2440 flellgzesg,
585 2362 810 2420 illorum
837 2363 1139 2439 responsis,
1166 2372 1309 2420 tunc
1335 2370 1396 2419 et
1420 2362 1541 2420 ludi
1571 2363 1774 2419 decem
1797 2382 1900 2438 per
1926 2362 2051 2419 dies
2080 2361 2217 2419 sacti
2243 2367 2316 2421 25

248 2450 409 2511 sunt;
453 2459 648 2515 neque
676 2460 767 2497 res
812 2441 949 2511 ulla,
998 2458 1123 2514 quae
1174 2442 1246 2497 ad
1290 2440 1638 2516 placandum
1685 2440 1841 2497 Deos
1885 2440 2215 2515 pertineret,

163 2572 168 2576 ,
246 2521 629 2587 praetermissa
656 2528 775 2576 est:
818 2518 1107 2592 iidemque
1122 2518 1433 2597 jusserunt,
1456 2517 1826 2573 simulacrum
1845 2517 2004 2574 Jovis
2025 2518 2217 2575 facere

246 2595 445 2670 majus,
476 2607 539 2657 et
567 2598 626 2654 in
653 2596 882 2655 excelso
902 2597 1203 2667 collocare,
1226 2606 1303 2667 et,
1333 2593 1533 2654 contra
1555 2607 1724 2669 atque
1753 2594 1885 2653 ante
1916 2596 2120 2666 fuerat,
2145 2596 2216 2653 ad

247 2668 549 2735 Orientem
579 2685 942 2733 convertere:
986 2694 1056 2733 ac
1083 2694 1145 2732 se
1172 2694 1400 2751 sperare
1422 2675 1703 2745 dixerunt,
1727 2675 1775 2731 si
1797 2674 1937 2732 illud
1965 2674 2212 2751 signum,

246 2753 391 2819 quod
420 2754 652 2825 videtis,
680 2754 813 2811 solis
852 2764 1059 2825 ortum,
1101 2764 1160 2811 et
1200 2754 1405 2824 forum,
1455 2753 1788 2827 curiamque
1837 2753 2211 2829 conspiceret,
2241 2754 2313 2809 30

246 2824 380 2899 fore,
410 2844 474 2891 ut
500 2851 579 2891 ea
625 2833 884 2903 consilia,
914 2852 1039 2907 quae
1088 2830 1239 2889 clam
1284 2841 1478 2890 essent
1525 2832 1668 2889 inita
1713 2842 1912 2889 contra
1970 2832 2213 2889 salutem

246 2899 413 2965 Urbis
460 2924 637 2985 atque
685 2911 926 2987 imperii,
975 2911 1411 2980 illustrarentur,
1462 2920 1524 2967 ut
1571 2928 1606 2966 a
1649 2921 1851 2967 senatu
1896 2910 2213 2985 populoque

245 2977 510 3048 Romano
539 2990 785 3065 perspici
814 2998 1057 3065 possent.
1106 3048 1109 3055 ,
1142 2990 1335 3063 Atque
1364 2988 1503 3046 illud
1547 2987 1628 3044 ita
1655 2988 2050 3045 collocandum
2080 3007 2214 3045 con-

244 3062 393 3120 sules
421 3067 504 3125 illi
535 3068 903 3125 locaverunt:
946 3068 1045 3125 sed
1074 3077 1235 3124 tanta
1263 3066 1370 3123 fuit
1395 3066 1582 3141 operis
1627 3066 1885 3134 tarditas,
1913 3076 1996 3133 ut,
2024 3084 2210 3138 neque

246 3152 278 3189 a
322 3145 711 3217 superioribus
756 3146 1106 3217 con-sulibuS,
1152 3164 1340 3219 neque
1396 3164 1430 3201 a
1481 3144 1647 3201 nobis
1695 3154 1826 3200 ante
1873 3143 2210 3200 hodiernum
2235 3142 2308 3195 35

182 3284 186 3289 1
246 3212 414 3288 diem,
444 3225 841 3281 collocaretur.

318 3292 428 3355 IX.
474 3300 598 3359 Hie
640 3302 767 3376 quis
810 3311 994 3377 potest
1040 3320 1185 3371 esse,
1211 3300 1497 3370 Quirites,
1544 3308 1664 3355 tam
1712 3316 1942 3354 aversus
1983 3315 2018 3353 a
2055 3316 2207 3368 vere,

241 3374 356 3427 tam
382 3394 658 3455 praecep5,
687 3389 805 3435 tam
833 3389 1025 3436 mente
1054 3388 1273 3453 captuS,
1303 3378 1402 3451 qui
1429 3386 1620 3450 neget,
1669 3376 1795 3432 haec
1839 3374 2051 3445 omnia,
2082 3393 2208 3448 quae

240 3445 519 3528 Videmus,
568 3454 970 3533 praecipueque
1017 3457 1171 3512 hanc
1222 3456 1444 3523 urbem,
1493 3452 1748 3510 Deorum
1802 3452 2206 3509 immortalium

244 3534 383 3583 nutu
403 3542 573 3609 atque
588 3544 865 3611 potestate
884 3532 1313 3591 administrari?
1393 3530 1646 3601 Etenim,
1677 3527 1812 3587 cum
1839 3541 1990 3588 esset
2016 3531 2097 3589 ita
2122 3550 2208 3589 re-
2231 3528 2304 3583 40

242 3614 531 3683 SPOnsum‚
588 3613 795 3683 caedes,
852 3611 1143 3682 incendia,
1197 3610 1606 3684 interitumque
1670 3608 1998 3685 reipublicae
2055 3629 2208 3669 com-

241 3685 447 3757 parari,
501 3688 587 3766 [et
632 3710 703 3748 ea
745 3710 845 3767 per
894 3690 1095 3769 civeS,]
1142 3708 1267 3764 quae
1312 3698 1436 3745 tum
1481 3697 1704 3764 propter
1750 3688 2206 3765 magnitudinem

243 3758 527 3846 scel-erum
580 3769 869 3834 nonnullis
921 3768 1285 3827 incredibilia
1336 3767 1711 3836 videbantur3
1768 3786 1840 3824 ea
1878 3786 1993 3823 non
2032 3764 2202 3823 modo

242 3846 494 3909 cogitata
522 3864 557 3903 a
584 3848 819 3904 nefariis
846 3847 1086 3917 civibus,
1114 3845 1312 3905 verum
1341 3846 1516 3903 etiam
1544 3854 1827 3920 suscepta,
1849 3862 1974 3901 esse
2001 3842 2206 3900 sensis-
