2698 4492
370 298 484 357 124
878 294 1151 347 ORA'rIo
1196 296 1337 347 PRO
1379 296 1444 347 T.
1487 295 1717 347 ANNIO
1757 296 2059 347 MILONE.

462 448 617 497 tum:
658 440 915 497 omnium
939 440 1205 499 ordinum
1233 458 1517 499 consensu
1543 460 1646 517 pro
1689 439 1874 499 salute
1900 440 2230 516 reipublicae
2271 453 2444 519 gesta

461 519 807 578 resciderat:
852 538 944 577 me
958 518 1142 595 patria
1158 519 1488 597 expulerat3
1531 519 1684 576 bona
1703 518 2046 595 diripuerat3
2090 522 2322 578 domum
2353 523 2443 583 in-

462 598 768 668 cenderat3
810 598 1038 668 liberos,
1068 596 1374 675 conjugem
1401 615 1611 668 meam,
1641 608 1976 655 vexaverat:
2018 598 2129 656 Cn.
2160 599 2440 675 Pompeio

460 675 744 734 nefarium
772 675 985 734 bellum
1014 676 1297 733 indixerat
1320 694 1333 732 :
1377 674 1814 751 magistratuum
1839 676 2297 753 privatorumque
2325 698 2454 744 cae-,

395 766 432 819 5
460 756 563 812 des
604 754 857 812 fecerat:
898 756 1131 813 domum
1178 755 1292 811 mei
1341 753 1530 811 fratris
1571 754 1942 811 incenderat:
1985 756 2234 814 vastarat
2261 757 2438 814 Etru-

459 834 643 891 riam:
686 834 893 891 multos
938 833 1172 891 sedibus
1218 852 1291 891 ac
1323 832 1565 890 fortunis
1605 831 1872 908 ejecerat.
1958 832 2236 906 Instabat,
2265 856 2438 912 urge-

458 912 594 971 bat:
636 931 841 989 capere
869 911 993 989 ejus
1034 912 1342 969 amentiam
1385 910 1606 981 civitas,
1644 910 1834 981 Italia,
1859 912 2188 987 provinciae,
2231 934 2434 990 regna,

457 1011 572 1051 non
611 1000 889 1067 poterant.
972 990 1388 1049 Incidebantur
1422 988 1542 1066 jam
1583 989 1737 1047 domi
1757 989 1955 1067 ‚leges,
1997 1010 2122 1065 quae
2161 1012 2266 1050 nos
2305 1014 2434 1051 nos-

456 1072 562 1128 tris
602 1070 781 1127 servis
822 1070 1193 1128 addicerent:
1254 1068 1398 1126 nihil
1439 1077 1563 1125 erat
1603 1067 1962 1143 cujusquam;
2005 1070 2155 1144 quod
2195 1072 2431 1145 quidem

360 1143 430 1197 10
459 1150 555 1207 ille
598 1148 940 1218 adamasset,
968 1149 1120 1224 quod
1160 1166 1273 1205 non
1302 1147 1412 1205 hoc
1453 1165 1606 1204 anno
1643 1150 1822 1203 suum'
1840 1146 1959 1204 fore
1985 1158 2226 1223 putaret.
2309 1150 2434 1207 Ob-

457 1228 645 1284 stabat
683 1227 807 1303 ejus
866 1226 1309 1301 cogitationibus
1365 1243 1553 1294 nemo,
1593 1235 1796 1299 praeter
1852 1224 2148 1284 Milonem.
2231 1226 2431 1303 Ipsum

457 1306 637 1375 illum,
666 1305 763 1379 qui
802 1314 1022 1379 poterat
1060 1304 1306 1373 obstare,
1334 1322 1482 1361 novo
1507 1303 1695 1361 reditu
1735 1304 1796 1361 in
1843 1304 2090 1379 gratiam
2129 1307 2293 1380 quasi
2333 1308 2434 1365 de-

454 1383 711 1440 vinctum
741 1382 1122 1439 arbitrabatur
1146 1401 1159 1439 :
1202 1381 1450 1439 Caesaris
1477 1382 1788 1457 potentiam
1816 1401 1980 1440 suam
2008 1403 2133 1441 esse
2161 1385 2430 1443 dicebat:

454 1462 731 1519 bonorum
762 1460 981 1518 animos
1006 1460 1181 1518 etiam
1210 1460 1270 1517 in
1297 1478 1428 1518 meo
1454 1478 1595 1518 casu
1617 1470 2071 1537 contempserat:
2114 1463 2260 1521 Milo
2279 1483 2434 1521 unus

358 1548 427 1601 15
454 1560 522 1598 ur
562 1540 711 1597 ebat.

597 1617 837 1677 XXIII.
920 1616 1042 1676 Hic
1082 1618 1183 1675 Dii
1224 1616 1572 1675 immortales
1627 1616 1720 1696 (ut
1759 1615 1932 1693 supra
1983 1618 2130 1698 dixi)
2176 1630 2430 1678 mentem

454 1699 736 1757 dederunt
776 1697 859 1755 illi
912 1697 1135 1775 perdito
1175 1716 1245 1754 ac
1292 1696 1524 1767 furiose,
1577 1706 1642 1753 ut
1701 1697 1838 1754 huic
1894 1696 2112 1755 faceret
2171 1698 2428 1757 insidias,

454 1778 643 1836 Aliter
680 1777 869 1855 perire
907 1777 1083 1853 pestis
1110 1776 1211 1834 illa
1254 1794 1370 1833 non
1415 1775 1630 1851 potuit:
1672 1794 1967 1849 nunquam
2007 1775 2169 1833 illum
2198 1778 2432 1853 respub-

452 1857 569 1914 lica
608 1876 713 1914 suo
745 1856 875 1931 jure
928 1865 1079 1913 esset
1118 1854 1253 1911 ulta.
1365 1854 1615 1912 Senatus
1670 1852 1897 1931 (credo)
1954 1864 2252 1930 praetorem
2293 1876 2430 1913 eum

351 1937 423 1991 20
453 1933 1012 2009 circumscripsisset.
1122 1932 1238 2003 Ne,
1282 1928 1418 1988 cum
1478 1932 1695 1989 solebat
1735 1932 1968 2007 quidem
2011 1932 2071 1990 id
2111 1934 2324 2006 facere,
2365 1936 2430 1994 in

450 2011 669 2089 privato
695 2012 897 2069 eodem
926 2012 1054 2082 hoc,
1086 2010 1301 2085 aliquid
1338 2010 1676 2086 profecerat.
1759 2015 1857 2069 An
1884 2010 2150 2069 consules
2189 2013 2250 2069 in
2289 2033 2428 2089 prae-

452 2100 573 2148 tore
624 2089 949 2147 coercendo
1007 2090 1179 2147 fortes
1236 2088 1520 2147 fuissent?
1600 2086 1880 2160 Primum,
1934 2088 2156 2147 Milone
2210 2093 2426 2163 occiso,

451 2168 746 2227 habuisset
772 2186 904 2225 suos
930 2168 1211 2227 consules.
1294 2167 1544 2239 Deinde,
1573 2168 1700 2242 quis
1749 2167 1806 2225 in
1837 2187 1906 2225 eo
1945 2179 2184 2244 praetore
2225 2172 2427 2229 consul

451 2249 610 2308 fortis
636 2257 805 2320 esset,
832 2267 933 2326 per
961 2267 1132 2324 quem
1160 2245 1475 2318 tribunum,
1519 2246 1702 2304 virum
1745 2246 2106 2305 consularem
2155 2251 2428 2309 crudelis·

348 2331 419 2386 25
450 2328 594 2388 sime
624 2337 889 2388 vexatum
936 2347 1062 2386 esse
1107 2326 1502 2384 meminisset?
1581 2324 1976 2402 oppressisset
2011 2328 2226 2398 omnia,
2253 2330 2428 2404 possi-

449 2410 629 2480 deret,
658 2417 899 2478 teneret,
928 2408 1058 2484 lege
1084 2405 1251 2476 nova,
1280 2425 1408 2480 quae
1434 2412 1522 2462 est
1539 2404 1772 2462 inventa
1800 2405 1951 2480 apud
1978 2425 2113 2463 eum
2134 2424 2268 2464 cum
2295 2408 2430 2466 reli-

447 2489 575 2562 quis
603 2489 827 2565 legibus
855 2485 1185 2544 Clodianis:
1228 2503 1420 2542 servos
1465 2493 1686 2542 nostros
1726 2483 1961 2542 libertos
2001 2504 2134 2542 suos
2174 2485 2422 2545 fecisset.

448 2565 766 2637 Postremo,
795 2565 909 2624 nisi
956 2584 1089 2622 eum
1138 2563 1239 2620 Dii
1287 2561 1638 2620 immortales
1677 2562 1738 2619 in
1778 2581 1908 2619 eam
1949 2573 2200 2621 mentem
2243 2564 2428 2640 impu-

446 2643 665 2713 lissent,
707 2653 772 2701 ut
798 2657 802 2662 ’
827 2645 997 2700 homo
1055 2641 1440 2699 effoeminatus
1481 2640 1850 2698 fortissimum
1892 2641 2078 2698 virum
2118 2654 2426 2702 conaretur

343 2732 417 2786 30
446 2722 733 2790 occidere,
764 2721 935 2778 hodie
963 2719 1380 2793 rempublicam
1408 2719 1626 2777 nullam
1654 2719 1960 2786 haberetis

526 2799 624 2855 An
653 2798 749 2854 ille
775 2808 998 2873 praetor,
1028 2797 1125 2853 ille
1153 2795 1287 2853 vere
1331 2798 1552 2869 consul,
1582 2798 1630 2854 si
1658 2795 1828 2855 mode
1858 2799 1984 2856 haec
2011 2798 2222 2874 templa
2250 2809 2424 2874 atque

446 2877 568 2952 ipsa
595 2875 809 2932 moenia
836 2885 989 2932 stare
1016 2893 1085 2932 eo
1112 2873 1238 2932 vivo
1277 2876 1520 2947 tamdiu,
1541 2886 1610 2945 ⁹et
1649 2876 2010 2933 consulatum
2037 2877 2162 2952 ejus
2188 2897 2424 2954 exspec-

443 2966 567 3012 tare
618 2953 954 3030 potuissent,
997 2952 1094 3010 ille
1148 2952 1398 3027 denique
1439 2954 1618 3024 vivuS,
1660 2954 1797 3010 mali
1837 2954 1981 3013 nihil
2030 2955 2279 3027 fecisset,
2320 2956 2421 3031 qui

442 3044 717 3104 mortuus,
747 3051 863 3090 uno
903 3051 975 3088 ex
1012 3031 1133 3088 suis
1172 3033 1516 3090 satellitibus
1557 3034 1688 3090 Sex.
1739 3032 1944 3091 Clodio
1984 3033 2154 3104 duce,
2196 3035 2424 3092 curiam

340 3121 411 3176 35
442 3111 805 3172 incenderit?
883 3110 1025 3171 Quo
1066 3109 1204 3184 quid
1251 3111 1535 3182 miseriuS,
1565 3111 1702 3185 quid
1747 3113 2030 3182 acerbiuS,
2059 3112 2195 3187 quid
2235 3113 2423 3170 luctu-

439 3194 613 3264 osius,
643 3191 933 3248 vidimus?
1016 3188 1325 3265 Templum
1367 3190 1706 3260 sanctitatiS,
1739 3190 2146 3266 amplitudiniS,
2187 3191 2418 3263 mentis,

440 3271 665 3331 consilii
690 3268 928 3348 publici,
948 3277 1121 3344 caput
1144 3265 1378 3347 [urbis,]
1403 3286 1560 3324 aram
1588 3268 1892 3338 sociorum,
1909 3279 2132 3344 portum
2159 3270 2419 3327 omnium

344 3395 351 3404 .
439 3353 718 3428 gentium,
748 3349 945 3406 sedem
975 3347 1047 3403 ab
1075 3346 1339 3404 universo
1383 3347 1590 3422 populo
1635 3345 1905 3404 Romano
1938 3365 2273 3405 concessam
2315 3348 2417 3406 uni

438 3430 647 3500 ordini,
677 3425 1042 3495 inflammari,
1072 3424 1353 3495 exscindi,
1385 3423 1696 3481 funestari!
1741 3443 1928 3498 neque
1971 3426 2030 3482 id
2057 3424 2182 3481 fieri
2213 3445 2248 3482 a
2274 3426 2422 3482 mul-

336 3506 409 3560 40
438 3507 685 3563 titudine
727 3504 990 3581 imperita
1034 3501 1389 3578 (quanquam
1429 3512 1580 3558 esset
1618 3502 1888 3559 miserum
1933 3503 1993 3561 id
2033 3502 2269 3581 ipsum),
2313 3504 2416 3561 sed

382 3585 387 3589 “
441 3584 513 3640 ab
542 3602 691 3652 un03
735 3584 853 3656 qui,
892 3579 1027 3640 cum
1066 3591 1288 3638 tantum
1334 3598 1506 3636 ausus
1547 3580 1620 3636 sit
1659 3590 1813 3636 ustor
1852 3599 1954 3655 pro
1993 3589 2232 3650 mortuo,
2275 3581 2416 3654 quid

440 3661 677 3736 signifer
716 3679 817 3734 pro
862 3660 991 3716 vivo
1036 3679 1151 3717 non
1192 3669 1343 3716 esset
1385 3659 1608 3714 ausus?
1689 3657 1758 3714 In
1789 3659 2013 3715 curiam
2051 3656 2418 3734 potissimum

442 3737 671 3813 abjecit,
701 3746 765 3793 ut
792 3755 921 3794 eam
948 3747 1205 3795 mortuus
1232 3735 1586 3807 incenderet,
1617 3754 1788 3811 quam
1829 3737 1992 3794 vivus
2031 3746 2328 3794 everterat.
