2698 4492
287 316 372 376 30
761 309 1036 360 ORATIO
1079 309 1177 360 111.
1222 309 1300 360 IN
1345 309 1409 360 L.
1454 309 1885 380 CATILINAM,

389 471 545 514 uam
585 473 782 514 samo
821 472 1227 514 mannassen.
1305 453 1465 516 Quae
1500 454 1860 550 supplicatio,
1888 455 1939 514 si
1966 474 2103 514 cum
2132 459 2359 514 caeteris

389 532 738 605 conferatur,
776 534 1064 605 Quirites,
1093 534 1204 592 hoc
1243 533 1489 606 intersit,
1518 536 1673 609 quod
1713 543 1938 593 caeteroe
1979 533 2129 594 bene
2170 535 2356 614 gesta,
2384 537 2433 610 ἦ

389 613 518 670 haec
544 631 681 684 una,
709 614 1046 670 conservata
1072 613 1389 689 republica,
1418 614 1731 672 constituta
1756 623 1859 671 est.

471 692 666 767 Atque
707 692 869 763 illud,
911 693 1063 767 quod
1103 692 1436 758 faciendum
1474 690 1725 769 primum
1766 692 1894 765 fuit,
1924 692 2143 751 factum
2184 703 2357 769 atque

326 778 363 831 5
391 779 746 828 transactum
787 780 890 828 est.
975 771 1128 830 Nam
1171 772 1236 829 P.
1279 771 1583 844 Lentulus,
1624 790 1974 848 quanquam,
2006 771 2359 850 (patefactus

393 849 626 908 indiciis
645 859 705 908 et
725 850 1178 910 confessionibus
1195 851 1344 930 suis)
1364 851 1589 927 judicio
1614 851 1868 924 senatuis,
1888 871 2004 910 non
2026 849 2197 910 modo
2217 872 2359 929 prae-

391 929 530 986 toris
563 930 678 1006 jus,
707 928 906 988 verum
946 931 1122 988 etiam
1163 930 1326 1002 civis,
1358 931 1648 1002 amiserat,
1676 940 1871 988 tamen
1912 931 2253 1008 magistratu
2294 951 2357 989 se

393 1008 717 1080 abdicavit3
761 1019 844 1081 ut,
874 1027 1000 1084 quae
1028 1010 1232 1087 religio
1257 1009 1328 1067 C.
1352 1008 1563 1081 Mario,
1586 1010 1906 1068 clarissimo
1932 1010 2071 1082 viro,
2092 1030 2209 1068 non
2240 1011 2359 1068 fue-

307 1083 314 1094 *
387 1097 497 1158 rat,
529 1087 834 1163 quominus
871 1089 942 1146 C.
971 1089 1301 1160 Glauciam,
1331 1089 1405 1146 de
1432 1108 1545 1164 quo
1572 1089 1715 1146 nihil
1744 1090 2083 1148 nominatim
2110 1099 2235 1148 erat
2262 1092 2360 1147 de-

295 1167 363 1224 10
390 1177 632 1238 cretum,
660 1178 960 1244 praetorem
998 1168 1311 1239 occideret,
1341 1167 1413 1226 ea
1454 1187 1558 1226 nos
1596 1167 1895 1246 religione,
1925 1168 1986 1227 in
2024 1169 2245 1247 privato
2290 1168 2357 1226 P.

390 1244 640 1305 Lentulo
663 1247 977 1322 puniendo,
1005 1247 1400 1307 liberaremur.

472 1323 613 1382 VII.
695 1323 897 1395 Nunc,
927 1325 1218 1399 quoniam,
1241 1324 1529 1397 Quirites,
1552 1325 1981 1384 sceleratissimi
2001 1326 2361 1404 periculosis-

391 1402 636 1478 simique
677 1403 814 1461 belli
853 1404 1106 1464 nefarios
1143 1405 1326 1462 duces
1357 1414 1555 1481 captos
1576 1404 1699 1482 jam
1726 1416 1784 1463 et
1812 1408 2252 1482 comprehensos
2278 1416 2361 1464 te-

351 1484 356 1489 '
391 1482 560 1553 netis,
591 1482 918 1541 existimare
946 1483 1189 1555 debetis,
1215 1503 1419 1542 omnes
1458 1484 1728 1542 Catilinae
1763 1485 1977 1561 copias,
2004 1505 2204 1544 omnes
2231 1505 2363 1562 spes

295 1559 364 1614 15
394 1569 565 1634 atque
603 1581 760 1638 opes,
790 1562 880 1620 his
919 1562 1172 1639 depulsis
1211 1563 1387 1622 Urbis
1413 1563 1705 1640 periculis,
1735 1565 2077 1623 concidisse.
2158 1564 2360 1627 Quem

393 1641 628 1715 quidem
655 1661 764 1718 ego
789 1639 926 1700 cum
955 1661 1028 1699 ex
1053 1642 1210 1701 Urbe
1247 1642 1555 1719 pellebam‚
1585 1644 1695 1701 hoc
1734 1643 2104 1719 providebam
2147 1644 2359 1715 animo,
2380 1642 2421 1693 *i

389 1719 676 1792 Quirites,
718 1731 936 1779 remoto
987 1721 1266 1794 Catilina,
1306 1741 1421 1780 nec
1475 1723 1617 1780 mihi
1658 1741 1785 1780 esse
1832 1722 1897 1780 P.
1941 1723 2176 1781 Lentuli
2216 1742 2363 1780 som-

390 1817 551 1870 num,
591 1819 704 1858 nec
744 1799 812 1858 L.
856 1801 1048 1858 Cassii
1090 1802 1336 1878 adipem,
1378 1820 1491 1859 nec
1531 1802 1781 1879 Cethegi
1822 1802 2095 1860 furiosam
2135 1802 2363 1860 temeri-

390 1887 590 1950 tatem,
635 1880 1173 1956 pertimescendam.
1256 1880 1367 1938 Ille
1420 1875 1545 1938 erat
1597 1901 1749 1938 unus
1799 1881 2093 1939 timendus
2145 1900 2218 1939 ex
2272 1875 2363 1938 his

291 1956 365 2010 20
391 1957 696 2035 omnibus,
733 1959 836 2016 sed
888 1960 1130 2031 tamdiu,
1178 1960 1318 2017 dum
1373 1959 1661 2017 moenibus
1713 1959 1888 2018 Urbis
1940 1960 2361 2020 continebatur.

391 2034 612 2093 Omnia
638 2035 825 2108 norat,
853 2037 1113 2095 omnium
1136 2039 1324 2095 aditus
1344 2039 1581 2096 tenebat
1605 2058 1617 2095 :
1663 2039 1968 2115 appellare,
1989 2048 2234 2111 tentare,
2256 2039 2365 2097 sol-

393 2114 620 2172 licitare
646 2126 886 2191 poterat,
918 2116 1183 2174 audebat.
1268 2117 1413 2174 Erat
1452 2117 1508 2175 ei
1550 2117 1857 2176 consilium
1900 2119 1971 2176 ad
2015 2118 2241 2177 facinus
2272 2137 2366 2195 ap-
2428 2136 2434 2142 ·

392 2204 552 2265 tum3
617 2195 858 2255 consilio
913 2205 1104 2255 autem
1158 2216 1348 2272 neque
1402 2197 1605 2275 lingua
1656 2216 1845 2273 neque
1891 2217 2099 2257 manus
2146 2199 2362 2257 deerat.

393 2273 432 2331 J
437 2294 548 2347 am,
581 2275 654 2333 ad
683 2286 871 2334 certas
898 2296 991 2334 res
1032 2276 1447 2349 conficiendas,
1476 2288 1663 2335 certos
1705 2278 1967 2335 homines
2008 2279 2263 2338 delectos
2293 2297 2365 2337 ac

293 2355 366 2409 25
393 2354 710 2433 descriptos
754 2356 1021 2414 habebat.
1105 2355 1315 2432 Neque
1357 2355 1515 2429 vero,
1546 2355 1681 2415 cum
1727 2357 1942 2432 aliquid
1970 2358 2365 2430 mandaverat,

395 2434 726 2494 confectum
752 2437 1028 2512 putabat:
1070 2436 1215 2494 nihil
1245 2446 1390 2508 erat,
1419 2438 1571 2513 quod
1612 2456 1727 2495 non
1769 2436 1891 2512 ipse
1929 2436 2135 2508 obiret,
2162 2456 2367 2494 occur-

392 2523 563 2585 reret,
592 2514 874 2591 vigilaret,
903 2516 1189 2573 laboraret
1213 2535 1226 2573 :
1271 2516 1473 2593 frigus,
1503 2516 1679 2587 sitim,
1709 2515 1922 2573 famem
1951 2515 2099 2573 ferre
2126 2526 2365 2592 poterat.

472 2592 654 2651 Hunc
689 2613 816 2669 ego,
846 2595 1137 2653 hominem
1166 2605 1285 2651 tam
1315 2614 1530 2666 acrem,
1559 2605 1678 2652 tam
1717 2604 2002 2671 paratum,
2030 2605 2149 2653 tam
2192 2595 2361 2652 auda-

396 2690 545 2742 cem,
573 2681 694 2729 tam
735 2672 1008 2730 callidum
1072 2683 1192 2731 tam
1234 2673 1294 2729 in
1337 2672 1557 2731 scelere
1598 2674 1953 2750 vigilantem,
1982 2683 2101 2731 tam
2143 2674 2203 2730 in
2242 2694 2361 2751 per·

294 2756 368 2811 30
397 2750 532 2806 ditis
579 2750 752 2807 rebus
805 2752 1164 2827 diligentem,
1218 2752 1332 2810 nisi
1386 2770 1460 2809 ex
1487 2753 1818 2810 domesticis
1872 2752 2099 2810 insidiis
2141 2753 2201 2811 in
2242 2772 2358 2810 cas-

395 2838 588 2886 trense
639 2829 1006 2887 latrocinium
1062 2830 1485 2906 compulissem,
1544 2830 1765 2906 (dicam
1820 2831 1899 2903 id,
1954 2833 2106 2909 quod
2158 2833 2367 2901 sentio,

394 2907 689 2987 Quirites)
720 2928 836 2966 non
877 2908 1050 2967 facile
1094 2911 1247 2968 hanc
1287 2919 1509 2968 tantam
1550 2911 1759 2969 molem
1800 2911 1937 2968 mali
1981 2930 2014 2968 a
2043 2912 2371 2969 cervicibus

395 2987 598 3043 vestris
627 2988 989 3063 depulissem.
1071 2988 1208 3048 Non
1251 2989 1348 3046 ille
1388 2991 1555 3048 nobis
1596 2990 1929 3047 Saturnalia
1956 2991 2369 3063 constituisset,

395 3084 605 3140 neque,
627 3065 790 3124 tanto
815 3065 970 3139 ante,
992 3067 1152 3126 exitii
1181 3079 1240 3126 et
1267 3070 1370 3126 fati
1399 3070 1553 3127 diem
1582 3069 1913 3146 reipublicae
1936 3069 2370 3140 denuntiassem

297 3155 369 3210 35
397 3163 586 3218 neque
615 3146 1014 3218 commisisset,
1045 3158 1109 3205 ut
1149 3149 1400 3225 signum,
1430 3159 1493 3206 ut
1533 3149 1714 3206 literae
1756 3168 1874 3205 suae
1915 3158 2091 3206 testes
2119 3149 2373 3223 denique

398 3224 688 3283 manifesti
717 3226 952 3283 sceleris
980 3227 1579 3303 deprehenderentur:
1621 3248 1747 3305 quae
1775 3247 1954 3298 nunc,
1986 3227 2082 3286 illo
2112 3228 2371 3299 absente,

399 3303 484 3361 sic
512 3315 675 3381 gesta
703 3315 856 3377 sunt,
886 3316 950 3363 ut
976 3306 1200 3364 nullum
1228 3307 1289 3365 in
1315 3308 1539 3383 privata
1568 3308 1737 3366 domo
1764 3300 1977 3364 furtum
2013 3326 2267 3382 unquam
2298 3307 2373 3364 sit

398 3393 515 3440 tam
556 3383 748 3459 palam
790 3385 1107 3458 inventum,
1136 3384 1309 3462 quam
1339 3388 1466 3445 haec
1498 3397 1661 3445 tanta
1694 3387 1754 3444 in
1782 3385 2080 3463 republica
2110 3374 2450 3461 conjura-4-

399 3461 481 3519 tio
507 3463 813 3523 manifesto
843 3466 1077 3524 inventa
1095 3470 1266 3543 atque
1287 3466 1647 3542 deprehensa
1663 3475 1765 3524 est.
1833 3463 2019 3527 Quod
2037 3466 2085 3523 si
2114 3464 2377 3523 Catilina

301 3549 372 3603 40
402 3540 462 3598 in
502 3540 661 3600 Urbe
704 3545 777 3600 ad
818 3545 972 3603 hanc
1013 3545 1168 3603 diem
1199 3546 1571 3604 remansisset
1588 3566 1602 3615 ;
1646 3564 1996 3622 quanquam,
2025 3544 2213 3621 quoad
2242 3543 2374 3615 fuit,

400 3620 668 3678 omnibus
695 3621 820 3697 ejus
848 3624 1104 3682 consiliis
1129 3624 1360 3683 occurri
1390 3635 1559 3700 atque
1585 3623 1800 3695 obstiti,
1829 3635 2021 3682 tamen
2049 3621 2141 3701 (ut
2158 3622 2376 3681 levissi-

401 3698 497 3755 me
539 3700 762 3780 dicam)
799 3700 1196 3759 dimicandum
1237 3704 1405 3762 nobis
1444 3721 1581 3761 cum
1623 3702 1721 3761 illo
1761 3703 1992 3774 fuisset3
2037 3721 2229 3777 neque
2268 3722 2379 3760 nos

401 3797 676 3852 unquam,
705 3780 844 3838 dum
874 3779 970 3838 ille
997 3780 1060 3839 in
1086 3781 1245 3839 Urbe
1273 3782 1453 3839 hostis
1481 3781 1699 3853 fuisset,
1727 3783 1904 3840 tantis
1929 3781 2203 3859 periculis
2230 3800 2379 3838 rem-

400 3857 714 3935 publicam,
743 3858 906 3917 tanta
931 3879 1098 3937 pace,
1126 3869 1288 3919 tanto
1313 3861 1451 3933 otio,
1479 3870 1641 3919 tanto
1667 3861 1915 3934 silentio,
1946 3860 2373 3943 liberassemus.
