2698 4492
850 292 1125 342 ORATto
1168 290 1245 340 IN
1278 292 1364 340 Μ.
1399 291 1803 342 ANTONIUM.
1991 301 1997 313 “
2305 298 2420 355 147

344 432 619 492 luxuriosi
667 434 935 506 hominiS,
976 435 1079 492 sed
1127 444 1322 492 tamen
1373 435 1738 493 abundantis.
1822 435 2070 509 Horum,
2113 436 2318 514 paucis

347 512 569 584 diebus,
599 514 739 570 nihil
768 525 909 571 erat.

380 591 577 653 ·Quae
620 592 944 669 Charybdis
984 604 1099 648 tam
1139 593 1355 649 vorax‘?
1457 592 1791 667 Charybdin
1833 592 2010 651 dico‘l
2077 613 2224 670 quie,
2267 593 2318 651 si

346 669 473 740 fuit,
502 670 609 727 fuit
637 672 845 727 animal
891 689 1108 727 unum:
1152 669 1432 727 Oceanus
1461 670 1714 741 (medius
1741 671 1956 750 fidius)
1971 672 2063 729 vix
2089 673 2314 729 videtur

346 758 429 805 tot
469 767 580 818 res,
608 759 724 806 tam
754 748 1080 825 dissipatas,
1110 758 1227 805 tam
1262 749 1609 806 distantibus
1650 750 1708 806 in
1752 750 1896 807 locis
1936 752 2168 825 positas,
2196 761 2315 807 tam
2384 755 2422 809 5

346 826 466 884 cito
510 827 813 883 absorbere
853 827 1121 901 potuisse.
1205 826 1369 883 Nihil
1397 837 1520 884 erat
1537 827 1818 898 clausum,
1861 828 2004 885 nihil
2053 829 2319 905 obsigna·
2357 830 2370 841 '

346 914 488 974 tum,
518 905 661 961 ni'nll
702 904 993 980 scriptum.
1077 904 1398 994 Apothecae
1439 915 1572 962 totae
1600 905 1963 995 nequissimis
1991 907 2318 964 hominibus

254 1049 259 1055 .
348 950 857 1041 condonabantur.
928 983 1041 1040 alia
1093 983 1252 1039 mimi
1294 981 1612 1058 rapiebant,
1657 984 1768 1040 alia
1821 984 2046 1041 mimae:
2115 984 2320 1041 domus

346 1071 471 1117 erat
513 1060 855 1117 aleatoribus
894 1061 1120 1130 referta,
1162 1061 1335 1136 plena
1375 1061 1695 1118 ebriorum:
1738 1071 1886 1118 totos
1925 1062 2050 1117 dies
2089 1060 2332 1137 potaba-

348 1149 459 1209 tur,
492 1150 660 1214 atque
689 1139 746 1196 id
775 1139 917 1196 locis
955 1139 1253 1215 pluribus:
1296 1140 1752 1215 suggerebantur
1791 1139 1965 1195 etiarn
1995 1158 2146 1215 saepe
2177 1138 2318 1215 (non
2357 1142 2424 1195 10

346 1219 503 1274 enim
544 1236 768 1292 semper
810 1218 929 1293 ipse
970 1218 1133 1294 felix)
1177 1218 1394 1274 damna
1435 1218 1740 1274 aleatoris:
1782 1218 2164 1293 conchyliatis
2207 1218 2317 1274 Cn.

346 1295 605 1372 Pompeii
647 1296 1075 1371 peristromatis,
1104 1314 1394 1353 servorum
1423 1295 1484 1352 in
1511 1295 1695 1366 cellis,
1721 1295 1902 1352 lectos
1940 1307 2144 1353 stratos
2170 1296 2324 1353 vide-

346 1393 454 1431 res.
534 1374 933 1436 Quamobrem
960 1372 1221 1431 'desinite
1273 1374 1488 1444 mirari,
1527 1375 1652 1431 haec
1706 1385 1823 1431 tam
1877 1374 2143 1431 celeriter
2194 1393 2321 1431 esse

346 1463 703 1527 consumpta.
787 1453 922 1510 Non
977 1451 1148 1510 modo
1202 1452 1376 1511 unius
1426 1452 1853 1527 patrimonium,
1894 1453 2152 1527 quamvis
2207 1472 2323 1509 am-

346 1531 503 1606 plum
536 1531 626 1605 (ut
655 1531 795 1588 illud
824 1531 982 1609 fuit),
1012 1530 1114 1587 sed
1158 1532 1347 1602 urbes,
1376 1540 1437 1588 et
1478 1549 1677 1607 regna,
1709 1531 1972 1589 celeriter
2012 1541 2174 1588 tanta
2221 1550 2321 1587 ne·
2358 1534 2425 1587 15

347 1610 529 1683 quitia
556 1609 827 1666 devorare
855 1610 1148 1684 potuisset.

429 1686 511 1742 At
537 1686 796 1762 ejusdem
843 1687 995 1743 aedes
1039 1687 1234 1757 etiam,
1277 1696 1337 1744 et
1377 1686 1587 1745 hortoS.
1689 1685 1748 1743 Ο
1792 1686 2096 1744 audaciam
2125 1687 2324 1744 imma-

350 1765 517 1821 nem!
574 1776 635 1820 tu
665 1764 889 1841 ingredi
932 1764 1089 1821 illam
1132 1765 1366 1822 domum
1409 1783 1582 1822 ausus
1608 1767 1716 1823 es?
1771 1778 1832 1824 tu
1863 1765 2001 1822 illud
2029 1765 2321 1821 sanctissi-

350 1861 508 1899 mum
556 1842 731 1900 limen
775 1843 1029 1900 intrare?
1094 1852 1155 1899 tu
1205 1843 1432 1900 illarum
1485 1842 1694 1900 aedium
1743 1843 1872 1901 Diis
1918 1843 2222 1917 penatibus
2257 1862 2322 1901 os

350 1920 894 1997 importunissimum
921 1921 1270 1979 ostendere?
1348 1920 1548 1983 Quam
1591 1922 1824 1979 domum
1867 1922 2197 1996 aliquandiu
2225 1940 2325 1978 ne-
2355 1921 2428 1975 20

348 2019 443 2057 mo
472 2000 768 2076 adspicere
807 2010 1048 2075 poterat,
1094 2018 1264 2057 nemo
1307 2000 1434 2057 sine
1477 2000 1746 2076 lacrymis
1785 2000 2096 2076 praeterire,
2129 2001 2237 2057 hac
2265 2010 2322 2056 te

349 2078 410 2135 in
438 2079 623 2140 domo
636 2079 854 2136 tamdiu
896 2078 1170 2136 diversari
1212 2098 1327 2135 non
1356 2078 1572 2153 pudet'l
1630 2080 1690 2137 in
1731 2080 1866 2155 qua,
1893 2079 2152 2154 quamvis
2178 2078 2322 2135 nihil

348 2157 559 2231 sapias,
588 2168 783 2215 tamen
811 2157 953 2214 nihil
982 2158 1085 2214 tibi
1115 2167 1300 2233 potest
1325 2176 1453 2214 esse
1474 2156 1816 2232 jucundum.

430 2233 727 2293 XXVIII.
811 2236 908 2293 An
937 2245 1021 2302 tu,
1052 2236 1189 2293 illa
1176 2256 1235 2293 m
1279 2234 1560 2293 vestibulo
1586 2245 1787 2306 rostra,
1815 2235 2015 2311 spolia,
2045 2232 2181 2292 cum
2227 2234 2325 2292 ad-

352 2313 610 2386 spexisti,
638 2313 870 2369 domum
913 2323 1072 2369 tuam
1098 2324 1156 2370 te
1198 2313 1432 2370 introire
1473 2315 1684 2386 putas?
1764 2313 1920 2370 Fieri
1963 2332 2080 2370 non
2119 2323 2321 2387 potest.
2355 2324 2428 2376 25

350 2389 637 2451 Quamvis
663 2390 817 2447 enim
846 2389 971 2447 sine
1012 2401 1221 2459 mente,
1250 2391 1376 2446 sine
1419 2409 1592 2447 sensu
1639 2391 1737 2460 εἰει,
1766 2400 1828 2447 ut
1869 2409 1966 2459 es;
2029 2401 2223 2447 tamen
2265 2401 2324 2446 et

351 2477 431 2538 te,
461 2480 519 2524 et
546 2478 665 2538 tua,
695 2479 754 2524 et
780 2478 927 2539 tuOS,
956 2467 1127 2525 nosti.
1207 2434 1343 2523 ’Nec
1387 2466 1520 2522 vero
1562 2477 1618 2524 te
1659 2487 1931 2542 unquam,
1961 2487 2146 2542 neque
2187 2487 2220 2523 v
2284 2487 2327 2524 1-

353 2545 568 2602 lantesn
599 2565 785 2622 neque
815 2545 874 2603 in
902 2545 1138 2616 somniS,
1179 2545 1354 2603 credo
1382 2555 1576 2602 mente
1601 2564 1766 2619 posse
1796 2546 2124 2603 consistere.
2206 2487 2327 2603 Ρῗθ-

352 2642 516 2681 cesse
542 2634 649 2694 est,
677 2625 936 2699 quamvis
976 2624 1075 2694 siS,
1105 2634 1167 2681 ut
1206 2643 1288 2693 es,
1322 2621 1658 2712 [violentus]
1690 2634 1749 2681 et
1795 2624 2009 2694 furenS,
2036 2643 2173 2681 cum
2220 2623 2326 2681 tibi

349 2697 588 2792 objecta
620 2703 695 2760 sit
730 2703 955 2778 species
996 2702 1303 2778 singularis
1342 2701 1471 2771 viri,
1511 2703 1870 2777 perterritum
1914 2715 1970 2760 te
2011 2703 2084 2759 de
2124 2721 2324 2759 somno
2357 2713 2428 2766 30

350 2781 612 2851 excitari,
644 2781 831 2838 furere
872 2781 1045 2838 etiam
1086 2799 1238 2855 saepe
1272 2780 1623 2856 vigilantem.
1707 2779 1807 2837 Me
1835 2781 2065 2856 quidem
2094 2781 2326 2838 miseret

350 2855 633 2934 parietum
664 2859 913 2934 ipsorum
946 2869 1113 2948 atque
1142 2869 1441 2915 tectorum.
1522 2858 1689 2920 Quid
1732 2859 1885 2915 enim
1937 2879 2186 2935 unquam
2229 2860 2326 2916 do-

352 2956 480 2994 mus
518 2937 615 2994 illa
663 2938 899 3012 viderat,
928 2937 1039 2994 nisi
1069 2937 1364 3026 pudicum,
1394 2935 1503 2993 nisi
1532 2956 1603 2994 ex
1614 2937 1845 3026 ‘optimo
1871 2957 2048 3008 more,
2078 2948 2135 2996 et
2161 2956 2328 2995 sanc-

351 3015 573 3072 tissima
620 3015 969 3112 disciplina?
1053 3015 1190 3072 Fuit
1230 3015 1387 3071 enim
1438 3014 1532 3071 ille
1575 3014 1680 3086 vir,
1726 3015 1923 3073 Patres
1976 3015 2325 3098 Conscripti,

356 3092 534 3170 (sicut
560 3093 748 3172 scitis)
780 3091 915 3151 cum
944 3092 1079 3151 foris
1107 3094 1316 3163 claruS,
1344 3103 1465 3149 tum
1497 3093 1650 3151 domi
1694 3093 2096 3162 admirandus;
2139 3113 2324 3168 neque
2360 3099 2434 3154 35

354 3171 525 3228 rebus
566 3172 816 3228 externis
858 3172 1041 3248 magis
1081 3171 1423 3240 laudandus,
1452 3191 1625 3246 quam
1667 3172 1939 3229 institutis
1979 3171 2325 3229 domesticis-3.

355 3249 547 3325 Hujus
590 3248 649 3306 in
690 3251 942 3320 sedibuS,
984 3270 1087 3325 pro
1126 3249 1413 3308 cubiculis
1453 3250 1697 3319 stabula,
1726 3269 1828 3325 pro
1868 3250 2133 3306 tricliniis
2173 3249 2329 3323 popi-

354 3347 464 3397 nae,
503 3335 652 3384 sunt.
735 3328 861 3385 Etsi
897 3329 1016 3403 jam
1060 3339 1248 3403 negat.
1332 3327 1550 3398 Nolite,
1592 3329 1766 3384 nolite
1793 3346 2064 3416 quaerere:
2148 3325 2329 3415 Frugi

355 3405 542 3463 factus
568 3415 688 3463 est·
732 3407 965 3462 mimam
996 3407 1149 3463 illam
1178 3425 1339 3462 suam
1372 3425 1505 3462 suas
1534 3425 1624 3463 res
1652 3406 1761 3463 sibi
1790 3406 2002 3462 habere
2036 3404 2224 3480 jussit,
2253 3423 2327 3461 ex

355 3483 679 3541 Duodecim
721 3478 999 3540 Tabulis:
1071 3485 1260 3540 claves
1305 3484 1556 3551 ademit;
1625 3483 1832 3560 exegit.
1913 3482 2110 3544 Quam
2159 3481 2326 3557 porro
2361 3485 2432 3540 40

354 3573 645 3637 spectatus
686 3562 849 3633 civis,
890 3581 1063 3648 quam
1104 3563 1394 3636 probatus,
1425 3562 1589 3636 cujus
1628 3581 1702 3618 ex
1739 3561 1896 3618 omni
1926 3561 2041 3618 vita
2072 3561 2211 3617 nihil
2241 3571 2330 3617 est

354 3641 667 3710 honestiuS,
696 3659 866 3715 quam
896 3637 1049 3714 quod
1078 3659 1211 3698 cum
1241 3639 1417 3695 mima
1447 3639 1585 3695 fecit
1621 3638 1964 3696 divortium?
2046 3640 2128 3695 At
2155 3657 2328 3712 quam

355 3717 559 3776 crebro
602 3729 838 3794 usurpat
868 3717 1003 3774 “Et
1044 3718 1243 3774 consul
1298 3727 1358 3773 et
1410 3715 1776 3773 Antonius!’'
1821 3718 1932 3774 hoc
1983 3730 2072 3776 est
2111 3717 2326 3785 dicere,
2397 3747 2402 3751 ·

354 3806 414 3854 et
453 3796 674 3868 consul,
716 3806 775 3854 et
816 3795 1336 3873 impudicissimus:
1379 3806 1439 3854 et
1479 3794 1701 3858 consul
1748 3803 1808 3852 et
1846 3795 2016 3853 homo
2055 3791 2332 3869 nequissi-
