2698 4492
355 303 438 362 52
909 301 1183 353 ORATIO
1230 302 1370 353 PRO
1412 303 1608 352 LEGE
1652 302 1985 352 MANILIA.

455 463 590 521 pore
642 443 834 502 lucem
889 443 1092 502 afferre
1145 444 1475 520 reipublicae
1528 445 1729 522 potuit,
1784 455 1849 502 ut
1913 463 2031 514 voS,
2098 442 2195 520 qui
2262 445 2435 504 modo

458 533 590 580 ante
621 522 829 580 ostium
873 522 1219 580 Tiberinum
1262 524 1505 582 classem
1552 525 1798 582 hostium
1842 523 2143 593 videbatiS,
2188 523 2230 580 ii
2270 541 2431 580 nunc

457 602 675 658 nullam
717 601 867 658 intra
908 601 1136 658 Oceani
1177 603 1385 660 ostium
1427 604 1759 679 praedonum
1802 620 2006 660 navem
2052 620 2179 658 esse
2234 602 2430 658 audia-

455 680 569 736 tis?
652 680 865 754 Atque,
895 680 1019 736 haec
1044 699 1158 755 qua
1187 681 1481 739 celeritate
1524 692 1687 757 gesta
1728 691 1862 751 sint,
1905 677 2233 755 quanquam
2276 680 2430 736 vide-

391 761 427 814 5
456 759 548 828 tis,
594 767 784 816 tamen
829 777 864 814 a
905 777 999 815 me
1042 759 1101 816 in
1147 758 1397 817 dicendo
1436 760 1833 836 praetereunda
1883 777 1997 815 non
2042 768 2190 815 sunt.
2270 757 2429 818 Quis

455 837 612 894 enim
639 855 911 911 unquam,
941 847 1040 894 aut
1063 838 1314 896 obeundi
1343 838 1561 916 negotii
1604 847 1703 894 aut
1746 837 2133 911 consequendi
2176 837 2427 911 quaestus

455 916 660 986 studio,
690 925 806 972 tam
825 915 983 972 brevi
1009 925 1281 991 tempore,
1308 927 1392 974 tot
1431 917 1561 974 loca
1604 916 1781 986 adire,
1810 925 1997 973 tantos
2023 933 2225 972 cursus
2253 914 2427 971 confi-

455 1013 607 1064 cere,
635 994 836 1070 potuit,
864 991 1036 1068 quam
1065 994 1348 1066 celeriter,
1378 994 1488 1052 Cn.
1519 995 1789 1071 Pompeio
1814 994 1985 1064 duce,
2016 993 2150 1050 belli
2181 993 2427 1082 impetus

453 1073 780 1154 navigavit?
821 1073 939 1147 qui,
969 1073 1222 1130 nondum
1250 1073 1583 1148 tempestivo
1611 1073 1683 1129 ad
1712 1072 2099 1148 navigandum
2140 1071 2304 1139 mari,
2336 1072 2428 1129 Si-

359 1151 424 1205 10
455 1121 649 1208 ciliam
679 1151 838 1221 adiit,
869 1151 1129 1208 Africam
1157 1151 1499 1226 exploravit3
1542 1151 1677 1208 inde
1721 1150 2050 1207 Sardiniam
2076 1167 2213 1206 cum
2240 1149 2426 1207 classe

453 1231 640 1298 venit3
686 1240 854 1303 atque
883 1229 1007 1285 haec
1034 1229 1146 1285 tria
1173 1229 1544 1288 frumentaria
1571 1229 1829 1286 subsidia
1867 1227 2196 1303 reipublicae
2225 1226 2427 1284 firmis·

453 1308 614 1364 simis
642 1307 918 1381 praesidiis
937 1307 1329 1381 classibusque
1356 1307 1613 1364 munivit.
1696 1306 1843 1364 Inde
1862 1325 1996 1363 cum
2024 1325 2087 1362 se
2098 1305 2163 1363 in
2193 1304 2425 1362 Italiam

455 1385 783 1458 recepisset,
813 1385 1037 1440 duabus
1065 1384 1370 1475 Hispaniis
1404 1396 1461 1442 et
1486 1377 1680 1443 Gallia
1708 1385 2005 1460 Cisalpina
2030 1383 2311 1473 praesidiis
2354 1403 2427 1442 ac

455 1463 696 1520 navibus
739 1462 1094 1534 confirmata,
1123 1463 1312 1519 missis
1356 1463 1493 1521 item
1536 1464 1596 1521 in
1622 1483 1780 1521 oram
1810 1462 2029 1538 Illyrici
2056 1462 2250 1548 maris,
2278 1472 2336 1518 et
2364 1462 2425 1520 in

359 1545 426 1598 15
455 1541 745 1598 Achaiam
797 1559 1138 1615 omnemque
1180 1541 1490 1612 Graeciam,
1532 1543 1793 1612 navibus,
1840 1540 2022 1598 Italiae
2076 1541 2191 1598 duo
2225 1524 2428 1598 maria

455 1619 720 1676 maximis
771 1619 1052 1676 classibus
1105 1620 1557 1696 firmissimisque
1597 1587 1877 1697 proesidiis
1930 1618 2258 1676 adornavit.
2302 1619 2425 1694 ipse

456 1708 668 1768 autem,
699 1707 761 1754 ut
790 1716 824 1754 a
850 1697 1157 1756 Brundisio
1196 1699 1485 1773 profectus
1530 1712 1635 1768 est,
1664 1696 2291 1773 undequinquagesimo
2329 1697 2426 1754 die

410 1785 630 1833 totam
661 1776 776 1833 ad
761 1777 1062 1852 imperium
1088 1777 1278 1854 populi
1306 1776 1561 1835 Romani
1589 1777 1859 1834 Ciliciam
1886 1775 2175 1851 adjunxit:
2202 1794 2423 1846 omneS,
2494 1816 2500 1820 -

453 1855 551 1929 qui
579 1855 790 1929 ubique
816 1856 1109 1930 praedones
1138 1856 1387 1926 suerunt,
1414 1856 1622 1933 partim
1661 1854 1813 1930 capti
1844 1853 2243 1928 interfectique
2271 1863 2424 1923 sunt,

353 1943 426 1996 20
453 1932 659 2008 partim
687 1932 858 1990 unius
886 1933 1095 2008 hujus
1081 1935 1318 2009 imperio
1344 1953 1415 1991 ac
1441 1933 1705 2009 potestati
1732 1953 1795 1990 se
1815 1933 2175 1991 dediderunt.
2258 1931 2425 1988 Idem

455 2011 850 2081 CretensibuS,
879 2031 1013 2068 cum
1045 2013 1117 2068 ad
1143 2031 1277 2068 eum
1306 2031 1485 2087 usque
1529 2013 1588 2070 in
1632 2012 2025 2087 Pamphyliam
2068 2010 2287 2086 legatos
2328 2011 2425 2066 de-

456 2100 890 2164 precatoresque
933 2089 1241 2159 misissent,
1285 2109 1443 2165 spem
1488 2090 1793 2148 deditionis
1840 2111 1952 2148 non
2004 2088 2235 2158 ademit,
2276 2088 2425 2146 obsi-

454 2167 668 2241 desque
695 2167 1008 2242 imperavit.
1093 2167 1186 2224 lta
1227 2177 1451 2226 tantum
1496 2169 1729 2240 bellum,
1758 2179 1874 2226 tam
1919 2169 2275 2236 diuturnum,
2304 2175 2423 2222 tam

453 2242 623 2322 longe
653 2243 884 2321 lateque
912 2248 1250 2323 dispersum,
1280 2267 1394 2322 quo
1421 2248 1570 2306 bello
1594 2267 1793 2306 omnes
1820 2258 2023 2325 gentes
2056 2264 2126 2303 ac
2161 2245 2424 2303 nationes

354 2335 425 2387 25
453 2325 876 2401 premebantur,
905 2326 1014 2383 Cn.
1039 2325 1344 2422 ΡΛοιιιρείιιε
1371 2326 1623 2385 extrema
1654 2327 1842 2384 hieme
1862 2324 2169 2402 apparavit,
2189 2324 2425 2382 ineunte

453 2423 585 2461 vere
613 2404 882 2481 suscepit,
912 2404 1104 2462 media
1133 2416 1328 2463 aestate
1357 2406 1623 2463 confecit.

531 2481 710 2539 XIII.
780 2483 886 2540 Est
913 2484 1037 2540 haec
1065 2484 1260 2542 divina
1288 2494 1457 2559 atque
1506 2482 1863 2541 incredibilis
1904 2482 2083 2539 virtus
2125 2473 2425 2555 imperato-

453 2560 548 2617 ris.
630 2561 797 2622 Quid
827 2572 1068 2631 cisterna,
1097 2581 1238 2637 quas
1266 2562 1439 2637 paulo
1472 2561 1603 2619 ante
1640 2579 2087 2619 commemorare
2114 2577 2421 2633 coeperam,

452 2649 688 2727 quantae
708 2650 878 2713 atque
905 2638 1075 2713 quam
1105 2640 1298 2696 multae
1327 2642 1493 2697 sunt!
1574 2639 1634 2695 N
1637 2660 1711 2697 on
1754 2640 1909 2697 enim
1954 2636 2139 2695 solum
2167 2638 2421 2694 bellandi

353 2728 425 2783 30
453 2716 630 2772 virtus
674 2716 734 2772 in
787 2736 1009 2773 summo
1053 2726 1220 2792 atque
1261 2718 1517 2793 perfecto
1569 2718 1906 2794 imperatore
1958 2716 2265 2805 quaerenda
2302 2724 2422 2785 est3

453 2793 555 2849 sed
583 2794 774 2850 multae
819 2805 952 2850 sunt
981 2806 1130 2851 artes
1171 2794 1417 2865 eximiae,
1464 2795 1633 2871 hujus
1679 2796 2027 2853 administrae
2071 2794 2426 2868 comitesque

423 2871 696 2927 v-irtutiS.
783 2872 898 2941 Ac,
925 2870 1194 2946 primum,
1223 2874 1438 2947 quanta
1482 2874 1812 2931 innocentia
1855 2874 2067 2931 debent
2094 2891 2221 2929 esse
2248 2872 2425 2946 impe-

453 2950 700 3009 ratores!
769 2951 984 3024 quanta
1051 2951 1260 3009 deinde
1325 2952 1591 3010 omnibus
1648 2952 1708 3011 in
1774 2953 1945 3009 rebus
2009 2950 2421 3026 temperantia!

453 3028 666 3102 quanta
696 3027 838 3085 fide!
897 3030 1111 3104 quanta
1155 3029 1461 3087 facilitate!
1506 3041 1719 3105 quanto
1760 3030 2023 3106 ingenio!
2068 3028 2281 3104 quanta
2323 3028 2427 3085 hu-

353 3120 424 3174 35
455 3106 760 3164 manitate!
818 3106 992 3178 Quae,
1037 3108 1302 3179 breviter,
1345 3109 1541 3199 qualia
1582 3110 1696 3166 sint
1738 3110 1799 3167 in
1832 3109 1941 3166 Cn.
1970 3108 2260 3183 Pompeio,
2290 3126 2426 3163 con-

453 3184 785 3245 sideremuS.
871 3186 1112 3243 Summa
1169 3187 1324 3243 enim
1381 3187 1577 3245 omnia
1633 3197 1785 3257 sunt,
1836 3186 2136 3249 Quirites:
2192 3183 2294 3242 sed
2352 3202 2427 3241 ea

453 3263 638 3339 magis
680 3283 750 3321 ex
783 3264 1021 3322 aliorum
1051 3265 1437 3338 contentione,
1465 3264 1639 3341 quam
1683 3266 1806 3343 ipsa
1845 3285 1946 3341 per
1974 3284 2121 3336 sese,
2150 3262 2425 3340 cognosci

455 3352 622 3417 atque
651 3343 892 3420 intelligi
918 3354 1168 3420 possunt.

528 3421 726 3481 Quem
755 3423 910 3500 enim
949 3440 1248 3498 possumus
1291 3422 1689 3498 imperatorem
1733 3421 1921 3498 aliquo
1957 3421 2018 3479 in
2060 3438 2300 3478 numero
2322 3437 2429 3494 pu-

355 3499 426 3553 40
453 3509 595 3567 tare,
626 3500 790 3575 cujus
818 3502 878 3557 in
907 3502 1164 3559 exercitu
1192 3511 1440 3559 veneant
1482 3502 1837 3559 centuriatus
1885 3510 2053 3575 atque
2100 3498 2425 3555 venierint?

454 3576 588 3663 quid
646 3577 801 3635 hunc
856 3580 1144 3637 hominem
1199 3598 1475 3655 magnum
1532 3591 1630 3637 aut
1674 3580 1921 3655 amplum
1970 3579 2042 3634 de
2084 3597 2148 3635 re
2189 3574 2426 3651 publica

441 3653 729 3728 cogitare,
777 3656 875 3730 qui
918 3658 1244 3732 pecuniam,
1289 3677 1361 3714 ex
1408 3660 1608 3715 aerario
1654 3659 2064 3745 depromptam
2090 3657 2162 3712 ad
2210 3654 2427 3711 bellum

459 3730 992 3803 administrandum,
1039 3745 1155 3805 aut,
1181 3744 1407 3809 propter
1451 3736 1822 3825 cupiditatem
1862 3734 2191 3811 provincias,
2220 3731 2433 3807 magis-

457 3808 698 3868 tratibus
725 3810 1000 3884 diviserit,
1030 3822 1128 3871 aut
1153 3822 1377 3890 propter
1407 3815 1703 3871 avaritiam
1746 3813 1994 3871 Romae
1980 3834 2041 3871 ιιι
2082 3822 2305 3888 quaestu
2345 3828 2433 3867 re-
