2698 4492
1057 817 1526 904 ORATIO
1607 820 1677 906 I.

1338 1026 1410 1068 m

766 1193 911 1268 L.
997 1193 1944 1320 CATILINAM.

464 1622 514 1683 Ι.
593 1623 942 1688 Quousque
967 1624 1205 1682 tandem
1236 1624 1495 1697 abutere,
1519 1625 1794 1698 Catilina,
1816 1623 2093 1702 patientia
2116 1623 2351 1682 nostra?

377 1703 658 1778 quamdiu
685 1704 860 1761 etiam
888 1703 1042 1762 furor
1071 1704 1178 1761 iste
1206 1714 1340 1762 tuus
1368 1724 1474 1762 nos
1496 1705 1729 1762 eludet'l
1771 1723 1942 1780 quem
1972 1703 2241 1761 adfinem
2266 1721 2353 1760 se-

385 1800 448 1838 se
474 1781 770 1840 effraenata
791 1782 1035 1858 jactabit
1063 1783 1351 1840 audacia?
1420 1783 1663 1840 Nihilne
1692 1793 1750 1841 te
1778 1794 2126 1840 nocturnum
2157 1781 2352 1858 praesi-

385 1860 546 1917 dium
600 1860 829 1933 Palatii,
871 1861 1032 1918 nihil·
1064 1861 1238 1920 Urbis
1277 1860 1508 1938 vigilio-e,
1552 1862 1696 1920 nihil
1736 1861 1906 1919 timor
1944 1860 2159 1938 populi,
2201 1860 2347 1918 nihil

385 1957 706 1997 concursus
735 1940 1011 1997 bonorum
1040 1940 1320 2012 omnium,
1351 1941 1493 1998 nihil
1524 1941 1622 1999 hic
1649 1940 2067 1998 munitissimus
2096 1938 2350 1996 habendi
2420 1934 2457 1987 5

384 2017 621 2076 senatus
647 2018 832 2090 loeus,
861 2019 1006 2076 nihil
1036 2020 1240 2078 horum
1266 2038 1368 2077 ora
1395 2020 1718 2096 vultusque,
1741 2019 2087 2077 moverunt?
2144 2017 2352 2075 Patere

383 2105 485 2153 tua
537 2097 782 2154 consilia
821 2117 938 2155 non
979 2099 1204 2156 sentis?
1261 2099 1635 2156 constrictam
1672 2098 1793 2175 jam
1845 2097 2105 2156 omnium
2146 2097 2350 2154 horum

385 2175 748 2232 conscientia
801 2176 988 2233 teneri
1044 2176 1499 2254 conjurationem
1539 2188 1699 2235 tuam
1742 2196 1857 2234 non
1898 2176 2102 2232 vides'l
2184 2174 2351 2237 Quid

383 2255 663 2328 proxima,
692 2253 830 2329 quid
871 2256 1182 2330 superiore,
1213 2268 1384 2313 nocte
1424 2257 1635 2333 egeris,
1664 2257 1763 2313 ubi
1805 2256 2001 2326 sueriS,
2033 2274 2175 2330 quos
2215 2273 2353 2311 con-

387 2332 700 2467 vocaveris,
728 2332 865 2407 quid
894 2333 1124 2391 consilii
1150 2334 1394 2409 ceperis,
1421 2354 1589 2409 quem
1619 2333 1878 2392 nostrum
1912 2334 2176 2409 ignorare
2206 2332 2353 2390 arbi·
2388 2328 2457 2381 10

385 2419 554 2466 trans
1654 2449 1658 2455 .

353 2542 358 2545 .
465 2487 524 2545 O
552 2488 848 2565 tempora!
888 2508 926 2548 o
955 2490 1174 2547 mores!
1260 2490 1513 2547 Senatus
1541 2491 1668 2549 haec
1696 2489 1965 2566 intelligit
1981 2509 1996 2559 ;
2041 2488 2241 2547 consul
2270 2488 2354 2547 vi-

385 2566 516 2624 det:
559 2568 658 2625 hic
684 2579 744 2624 ta
781 2598 784 2601 ·
909 2566 1077 2626 vivit!
1147 2568 1356 2627 Vivit?
1402 2569 1577 2627 immo
1609 2568 1765 2640 vero,
1795 2570 1969 2627 etiam
1999 2570 2057 2625 in
2088 2578 2351 2625 senatum

385 2647 575 2704 venit:
620 2646 684 2703 fit
793 2646 929 2703 blici
959 2647 1184 2704 consilii
1225 2648 1551 2724 particeps:
1596 2658 1757 2706 notat
1784 2660 1841 2705 et
1868 2647 2137 2725 designat
2164 2648 2353 2705 oculis

385 2726 459 2782 ad
487 2727 608 2783 caed
736 2744 1200 2801 unumquemque
1242 2728 1521 2785 nostrum.
1603 2726 1731 2785 Nos
1772 2737 1986 2799 autem,
2016 2727 2121 2784 viri
2156 2726 2348 2798 fortes,
2388 2727 2457 2783 15

385 2805 494 2862 sati
585 2824 720 2863 cere
747 2804 1079 2881 reipublicae
1109 2804 1392 2879 videmur,
1422 2806 1472 2865 si
1502 2806 1665 2866 istius
1693 2806 1941 2864 furorem
1972 2824 2042 2863 ac
2069 2806 2183 2863 tela
2212 2806 2352 2864 vite-

488 2903 530 2941 S.

464 2963 562 3020 Ad
601 2972 842 3020 mortem
885 2973 962 3034 te,
1006 2962 1281 3041 Cat-ilina,
1315 2962 1475 3035 duci,
1500 2963 1663 3040 jussu
1707 2964 1981 3035 consuliS,
2005 2963 2351 3040 jampridem

383 3042 716 3117 oportebat;
762 3042 821 3099 in
863 3052 920 3100 te
954 3042 1203 3101 conferri
1243 3053 1461 3119 pestem
1506 3044 1692 3114 istam,
1721 3063 1891 3119 quam
1923 3053 1984 3100 tu
2014 3044 2073 3099 in
2104 3064 2207 3100 nos
2234 3061 2354 3100 om-

385 3139 490 3177 nes
511 3120 733 3196 jamdiu
763 3121 1132 3179 machinaris·
1218 3122 1315 3178 An
1346 3120 1482 3180 vero
1504 3123 1589 3179 vir
1614 3123 2017 3199 amplissimuS,
2044 3122 2105 3179 P.
2132 3121 2349 3197 Scipio,
2382 3124 2457 3177 20

385 3198 641 3275 pontifex
681 3200 986 3273 maximus,
1015 3200 1113 3258 Ti.
1143 3201 1481 3259 Gracchum
1510 3201 1876 3259 mediocriter
1904 3200 2351 3258 labefactantem

358 3278 596 3335 ‘statum
637 3279 990 3355 reipublicae,
1031 3280 1286 3355 privatus
1327 3279 1647 3350 interfecit3
1711 3279 2023 3337 Catilinam
2069 3278 2222 3349 vero,
2264 3298 2352 3335 or-

386 3356 516 3413 bem
547 3369 712 3415 terrae
739 3359 902 3415 caede
931 3368 1098 3433 atque
1129 3358 1418 3415 incendiis
1446 3374 1669 3416 vastare
1700 3358 2051 3433 cupientem,
2082 3376 2188 3414 nos
2216 3376 2353 3415 con-

385 3435 539 3493 sules
564 3436 961 3512 perferemus?
1004 3455 1140 3493 nam
1169 3436 1268 3493 illa
1295 3436 1469 3493 nimis
1499 3436 1733 3511 antiqua
1766 3446 2064 3511 praetereo,
2094 3436 2248 3513 quod
2278 3436 2347 3494 C.

387 3516 664 3573 Servilius
708 3515 899 3573 Ahala
941 3516 1040 3591 Sp.
1081 3514 1324 3571 Melium
1367 3514 1530 3571 novis
1569 3514 1741 3572 rebus
1782 3514 2131 3587 studentem,
2176 3535 2349 3573 manu
2382 3516 2455 3569 25

385 3594 492 3651 sua
517 3594 750 3653 occidit.
835 3594 993 3667 Fuit,
1018 3594 1124 3652 suit
1152 3593 1261 3651 ista
1288 3592 1577 3671 quondam
1610 3593 1668 3650 in
1698 3594 1809 3652 hac·
1832 3594 2129 3671 republica
2152 3594 2349 3666 virtus,

384 3682 450 3729 >ut
491 3673 596 3730 viri
637 3675 810 3732 sortes
838 3674 1157 3733 acrioribus
1197 3672 1495 3749 suppliciis
1524 3672 1707 3731 civem
1738 3674 2147 3750 perniciosum,
2176 3671 2351 3749 quam

387 3752 824 3810 acerbissimum
881 3755 1124 3825 hostem,
1167 3756 1525 3811 coercerent.
1611 3752 1914 3811 Habemus
1956 3752 2353 3810 senatus-con-

385 3831 600 3889 sultum
629 3832 689 3889 in
717 3842 796 3904 te,
826 3832 1100 3904 Catilina,
1121 3834 1435 3890 vehemens
1462 3842 1520 3889 et
1546 3851 1754 3909 grave:
1797 3851 1914 3889 non
1938 3831 2098 3889 deest
2125 3829 2353 3905 reipub-
