2698 4492
333 267 416 326 64
909 268 1186 319 ORATIO
1229 268 1370 318 PRO
1413 268 1489 317 M.
1533 266 1950 318 MARCELLO.

433 411 672 469 dantes:
713 411 816 470 sed
843 421 1038 470 tamen
1066 431 1138 470 ea
1178 411 1387 483 vicisti,
1414 431 1543 488 quae
1584 420 1849 468 naturam
1890 419 1951 468 et
1990 410 2406 500 conditionem,

433 501 498 548 ut
524 490 684 548 vinci
707 503 961 566 possent,
991 491 1313 548 habebant.
1345 491 1505 548 nulla
1530 501 1619 548 est
1644 491 1799 548 enim
1830 499 1992 547 tanta
2017 490 2122 560 via,
2140 509 2267 566 quae
2286 510 2404 548 non

435 569 584 626 ferro
613 587 682 626 ac
706 570 918 627 viribus
938 569 1223 627 debilitari
1247 569 1545 646 frangique
1568 569 1761 645 possit.
1846 535 2124 625 Animuui
2150 570 2403 640 vincere,

435 647 794 704 iracundiam
823 649 1114 718 cohibere,
1145 648 1439 705 victoriam
1483 656 1823 722 temperare,
1854 647 2262 718 adversarium,
2305 667 2405 704 no-

371 738 408 791 5
439 727 678 796 bilitate,
733 727 991 816 ingenio,
1045 727 1252 783 virtute
1304 736 1695 801 praestantem,
1738 745 1854 783 non
1915 724 2087 782 mod6
2128 727 2405 784 extollere

429 804 742 893 jacentem,
771 806 875 863 sed
917 805 1093 863 etiam
1121 803 1473 881 amplificare
1514 804 1639 880 ejus
1678 804 1980 893 pristinam
2019 805 2400 879 dignitatem·
2384 848 2401 874 ,

437 885 564 941 haec
611 884 708 958 qui
753 883 946 954 faciat,
991 904 1106 942 non
1149 903 1259 960 ego
1297 903 1433 942 eum
1474 902 1610 942 cum
1652 883 1891 940 summis
1930 882 2065 940 viris
2106 903 2399 959 compare,

435 963 538 1020 sed
565 962 916 1021 simillimum
946 963 1075 1021 Deo
1096 963 1312 1039 judico.

517 1040 740 1117 Itaque,
789 1042 857 1099 C.
889 1042 1104 1112 Caesar,
1136 1042 1357 1099 bellicae
1398 1052 1513 1098 tuae
1554 1040 1756 1098 laudes
1796 1039 2243 1097 celebrabuntur
2290 1040 2403 1096 illae

340 1130 410 1184 10
436 1121 666 1195 quidem
692 1139 805 1177 non
835 1119 1018 1178 solum
1047 1121 1274 1190 nostriS,
1301 1119 1405 1176 sed
1432 1118 1582 1194 pene
1626 1118 1884 1176 omnium
1912 1119 2193 1194 gentium,
2222 1119 2404 1175 literis

439 1210 606 1274 atque
649 1199 862 1274 linguis
879 1217 894 1268 ;
957 1217 1143 1273 neque
1200 1199 1316 1254 ulla
1373 1209 1626 1272 unquam
1686 1207 1825 1254 aetas
1866 1198 1938 1253 de
1982 1197 2097 1254 tuis
2136 1197 2405 1253 laudibus

438 1277 808 1334 conticescet.
893 1277 1010 1332 Sed
1038 1289 1231 1332 tamen
1249 1275 1532 1350 ejusmodi
1554 1295 1664 1346 res,
1689 1275 1889 1333 nescio
1908 1275 2210 1350 quomode,
2228 1276 2403 1332 etiam

437 1373 572 1411 cum
599 1353 887 1430 leguntur,
915 1354 1167 1450 obstrepi
1195 1354 1445 1411 clamore
1473 1354 1717 1412 militum
1749 1354 2031 1424 videntur,
2052 1365 2111 1410 et
2137 1353 2403 1410 tubarum

435 1451 593 1488 sone.
698 1433 780 1488 At
821 1430 976 1502 ver6,
1026 1429 1160 1490 cum
1219 1432 1432 1507 aliquid
1474 1433 1810 1503 clementer,
1855 1429 2178 1501 mansuete,
2227 1430 2402 1507 juste,

341 1517 408 1571 15
438 1507 753 1580 moderati,
773 1510 1060 1586 sapienter
1091 1511 1327 1581 factum,
1360 1511 1448 1584 (in
1478 1511 1783 1569 iracundia
1811 1513 2147 1587 praesertim,
2168 1529 2293 1586 quae
2316 1521 2406 1567 est

437 1588 676 1646 inimica
717 1589 979 1660 consilio,
1008 1599 1066 1646 et
1107 1590 1167 1647 in
1211 1590 1469 1660 victoris,
1514 1609 1640 1665 quae
1682 1591 1888 1655 natura
1931 1590 2182 1646 insolens
2226 1600 2285 1646 et
2312 1609 2406 1646 su-

434 1669 614 1744 perba
639 1669 812 1764 est)
787 1679 884 1725 aut
912 1669 1196 1739 audimus,
1227 1680 1324 1726 aut
1353 1634 1633 1744 legimus3
1676 1688 1787 1758 quo
1810 1668 1997 1725 studio
2020 1668 2403 1740 incendimur,

435 1766 553 1805 non
584 1748 754 1805 modo
797 1747 857 1804 in
897 1748 1076 1824 gestis
1116 1749 1308 1818 rebus,
1334 1749 1439 1804 sed
1481 1747 1657 1804 etiam
1701 1748 1757 1804 in
1790 1747 1959 1817 fictis,
1988 1756 2051 1803 ut
2092 1766 2191 1804 eos
2230 1766 2404 1822 saepe,

435 1845 577 1901 quos
619 1845 914 1902 nunquam
955 1826 1221 1898 vidimu8‚
1275 1793 1618 1902 diligamus!
1703 1826 1795 1882 Te
1850 1823 2006 1896 ver6,
2054 1845 2247 1915 quem
2265 1845 2407 1902 prae-

335 1907 408 1961 20
438 1914 659 1961 sentem
703 1905 1012 1976 intuemur,
1043 1905 1209 1980 cujus
1249 1915 1503 1962 mentem
1544 1925 1859 1980 sensusque
1899 1915 1958 1962 et
1984 1924 2049 1962 os
2090 1897 2401 1994 cernimus,

438 1993 520 2051 ut,
547 1983 823 2058 quidquid
855 1984 986 2041 belli
1017 1983 1242 2040 fortuna
1265 1983 1546 2058 reliquum
1575 1984 1909 2060 reipublicae
1937 1983 2158 2052 fecerit,
2189 1983 2246 2039 id
2275 1987 2403 2042 ess'e

436 2028 656 2117 salvum
684 2061 846 2131 veliS,
874 2062 1082 2136 quibus
1109 2061 1376 2119 laudibus
1404 2062 1749 2119 efferemus?
1790 2062 1997 2137 quibus
2039 2062 2243 2119 studiis
2281 2082 2407 2138 pro-

439 2141 787 2214 sequemur?
827 2142 942 2215 qua
972 2141 1371 2198 benevolentia
1412 2141 1906 2216 complectemur?
1972 2140 2247 2211 ParieteS,
2290 2160 2406 2198 me-

437 2218 568 2276 dius
597 2219 786 2290 fidius,
820 2220 910 2296 (ut
938 2218 1079 2276 mihi
1107 2219 1402 2298 videntur)
1435 2220 1605 2296 hujus
1634 2219 1829 2291 curiae,
1859 2219 1961 2278 tibi
1992 2220 2205 2296 gratias
2235 2238 2405 2296 agere

335 2298 408 2351 25
437 2298 710 2375 gestiunt,
739 2301 888 2374 quod
922 2298 1078 2356 brevi
1107 2309 1361 2374 tempore
1389 2300 1579 2357 sutura
1606 2299 1680 2357 sit
1720 2298 1819 2356 illa
1860 2300 2169 2357 auctoritas
2211 2298 2271 2355 in
2313 2300 2405 2355 his

437 2377 715 2453 majorum
745 2398 976 2436 suorum
1005 2387 1062 2435 et
1089 2378 1208 2435 suis
1235 2378 1486 2436 sedibus.

517 2456 623 2515 IV.
707 2456 1014 2533 Equidem,
1069 2456 1203 2516 cum
1260 2457 1329 2514 C.
1374 2456 1660 2527 Marcelli,
1704 2456 1808 2513 viri
1864 2456 2064 2532 optimi
2138 2464 2195 2513 et
2253 2476 2408 2513 cotn-

438 2536 792 2593 memorabili
818 2537 1028 2611 pietate
1056 2535 1298 2611 praediti,
1317 2536 1601 2610 lacrymas
1619 2533 1791 2592 mod6
1814 2536 2106 2593 vobiscum
2131 2535 2404 2606 viderem,

437 2614 696 2670 omnium
751 2614 1157 2671 Marcellorum
1227 2632 1421 2669 meum
1489 2624 1693 2689 pectus
1761 2613 2036 2671 memoria
2106 2611 2400 2702 [obfudit]

335 2699 410 2753 30
435 2691 672 2752 Quibus
699 2702 762 2748 tu
779 2692 953 2749 etiam
981 2691 1238 2761 mortuiS,
1260 2689 1341 2747 M.
1364 2690 1644 2749 Marcello
1682 2703 2037 2761 conservato,
2066 2691 2403 2767 dignitatem

440 2788 602 2826 suam
645 2769 982 2837 reddidisti;
1027 2769 1553 2859 nobilissimamque
1596 2769 1889 2840 familiam,
1914 2770 2034 2846 jam
2078 2771 2148 2825 ad
2189 2790 2407 2846 paucos

437 2848 754 2917 redactam,
781 2866 930 2921 pene
962 2848 1033 2903 ab
1061 2847 1294 2904 interitu
1324 2847 1647 2905 vindicasti.
1734 2848 1913 2906 Hunc
1942 2860 2003 2905 tu
2048 2848 2219 2924 igitur
2246 2849 2403 2905 diem

437 2926 554 2982 tuis
595 2926 860 2982 maximis
903 2939 962 2984 et
1001 2925 1515 2983 innumerabilibus
1554 2928 2032 3003 gratulationibus
2079 2927 2207 3002 jure
2249 2938 2406 2983 ante-

436 3023 632 3079 pones.
717 3003 865 3062 Haec
893 3005 1046 3061 enim
1090 3024 1182 3061 res
1223 3005 1397 3061 unius
1436 3016 1523 3062 est
1562 3006 1790 3081 propria
1830 3006 2117 3063 Caesaris:
2160 3016 2402 3076 caeterae,

335 3088 408 3142 35
439 3084 588 3139 duce
615 3093 673 3140 te
713 3092 910 3158 gestae,
942 3102 1164 3158 magnae
1205 3082 1315 3139 illae
1356 3084 1607 3157 quidem,
1652 3085 1749 3141 sed
1794 3096 1986 3141 tamen
2030 3084 2210 3141 multo
2250 3103 2405 3160 mag-

438 3181 622 3237 noque
665 3162 957 3220 comitatu.
1056 3160 1248 3237 Hujus
1303 3174 1494 3218 autem
1548 3163 1629 3220 rei
1671 3172 1732 3219 tu
1774 3163 1925 3219 idem
1966 3174 2026 3219 et
2066 3163 2183 3219 dux
2222 3182 2305 3232 eS,
2346 3173 2405 3219 et

439 3260 669 3299 comes:
731 3260 859 3316 quae
909 3240 1138 3315 quidem
1182 3250 1344 3297 tanta
1385 3253 1492 3310 est,
1537 3252 1600 3297 ut
1641 3241 1865 3316 tropaeis
1908 3241 2403 3315 monumentisque

437 3322 552 3378 tuis
581 3322 822 3379 allatura
848 3320 1022 3377 finem
1051 3319 1124 3377 sit
1152 3329 1290 3377 aetas
1341 3318 1514 3396 (nihil
1552 3318 1707 3377 enim
1756 3329 1843 3376 est
1882 3340 2053 3395 opere
2089 3331 2187 3376 aut
2228 3339 2401 3377 manu

439 3398 676 3472 factum,
705 3401 857 3476 quod
898 3399 1202 3475 aliquando
1231 3417 1346 3455 non
1376 3398 1647 3456 conficiat
1674 3410 1731 3457 et
1758 3410 2059 3457 consumat
2086 3400 2363 3475 vetustas)
2388 3418 2400 3455 :

337 3476 408 3531 40
441 3489 496 3535 at
538 3478 672 3537 ver6
714 3481 841 3537 haec
881 3489 982 3535 tua
1016 3478 1240 3554 justitia
1279 3488 1337 3534 et
1378 3477 1586 3535 lenitas
1628 3478 1802 3535 animi
1847 3478 2109 3536 florescet
2150 3477 2403 3552 quotidie

437 3557 642 3631 magiS,
693 3558 775 3615 ita
814 3568 896 3626 ut,
938 3568 1213 3632 quantum
1259 3557 1528 3632 operibus
1581 3556 1695 3612 tuis
1736 3556 2081 3613 diuturnitas
2121 3556 2402 3630 det.,1·ahet

437 3644 662 3690 tantum
692 3636 890 3691 afferat
918 3635 1201 3692 laudibus,
1286 3634 1362 3691 Et
1390 3646 1627 3691 caeteros
1654 3635 1883 3709 quidem
1912 3654 2113 3692 omnes
2154 3634 2405 3693 victores

440 3712 716 3770 bellorum
744 3712 1044 3769 'civilium
1024 3732 1144 3788 Jam
1174 3711 1307 3770 ante
1338 3713 1604 3788 aequitate
1630 3723 1688 3770 et
1729 3713 2122 3770 misericordia
2150 3712 2403 3771 viceras:

439 3790 719 3850 hodierno
758 3788 892 3849 ver6
905 3782 1055 3849 die
1071 3801 1128 3849 te
1168 3791 1355 3868 ipsum
1398 3791 1602 3849 vicisti.
1682 3791 1921 3864 Vereor,
1964 3811 2039 3850 ne
2081 3793 2211 3863 hoc,
2252 3792 2406 3867 quod
