2698 4492
737 325 1010 376 ORATIO
1052 323 1096 374 l.
1141 323 1215 373 IN
1259 323 1321 373 L.
1357 323 1783 374 CATILINAM.
2270 323 2341 381 11

279 467 454 530 Quid
479 463 663 524 vero?
689 487 892 543 nuper,
921 467 1082 540 oiim,
1108 476 1296 524 morte
1316 465 1626 542 superioris
1654 464 1866 537 uxoris,
1894 464 2059 523 novis
2097 483 2241 542 nup-

281 548 384 605 tiis
411 546 645 603 domum
675 546 1114 616 vacuefecisseS,
1143 565 1336 603 nonne
1364 546 1538 602 etiam
1570 545 1681 602 alio
1708 544 2034 602 incredibili
2061 544 2242 601 scele-

285 645 352 684 re
383 627 493 681 hoc
516 624 705 681 scelus
721 625 1029 681 cumulasti
1048 625 1073 681 'l
1100 625 1251 699 quod
1273 643 1384 700 ego
1405 624 1794 698 praetermitto,
1822 631 1883 679 et
1910 622 2079 680 facile
2100 622 2244 698 pati-

285 723 355 761 or
395 701 570 772 sileri,
617 720 694 758 ne
743 702 802 758 in
831 703 944 760 hac
993 701 1224 758 civitate
1265 701 1412 758 tanti
1456 700 1729 758 facinoris
1776 701 2105 758 immanitas
2146 711 2245 758 aut

288 780 597 850 exstitisse,
649 790 748 837 aut
797 799 914 838 non
956 779 1248 836 vindicata
1286 797 1435 848 esse,
1477 779 1755 836 videatur.
1864 778 2243 862 Praetermitto
2311 787 2349 841 5

291 859 490 916 ruinas
518 858 871 915 fortunarum
900 868 1146 927 tuarum,
1173 875 1314 932 quas
1340 874 1543 914 omnes
1570 857 1901 932 impendere
1929 856 2036 912 tibi
2060 857 2245 931 proxi-

289 937 406 994 mis
431 936 632 993 Idibus
660 935 905 992 senties:
949 936 1022 992 ad
1045 935 1142 992 illa
1169 935 1355 1004 venio,
1383 953 1508 1009 quae
1538 953 1653 991 non
1678 936 1749 992 ad
1776 934 2054 1010 privatam
2085 935 2244 1010 igno-

191 1049 199 1055 ·
303 1014 534 1071 miniam
561 1013 827 1070 vitiorum
855 1022 1106 1083 tuorum,
1135 1031 1252 1069 non
1283 1013 1355 1068 ad
1384 1012 1760 1069 domesticam
1800 1022 1958 1068 tuam
1998 1011 2245 1069 difficul-

295 1101 473 1149 tatem
502 1109 571 1148 ac
598 1091 1031 1166 turpitudinem,
1060 1091 1161 1147 sed
1191 1090 1262 1146 ad
1289 1108 1572 1147 summam
1600 1089 1951 1164 reipublicae,
1976 1099 2143 1164 atque
2173 1090 2245 1147 ad

294 1169 551 1227 omnium
578 1168 839 1226 nostrum
867 1169 1039 1226 vitam
1067 1169 1440 1244 salutemque,
1468 1168 1775 1244 pertinent.
2282 1173 2351 1226 10

376 1247 646 1304 Potestne
668 1247 772 1303 tibi
801 1247 970 1322 hujus
996 1247 1125 1304 vitae
1153 1246 1271 1316 lux,
1300 1246 1575 1316 Catilina,
1606 1257 1705 1303 aut
1732 1244 1901 1321 hujus
1922 1244 2055 1302 coeli
2084 1244 2245 1319 spiri-

297 1335 391 1382 tus
442 1343 569 1382 esse
618 1324 932 1400 jucundus,
975 1323 1112 1382 cum
1153 1325 1325 1395 scias,
1369 1325 1571 1382 horum
1611 1343 1739 1381 esse
1792 1323 2106 1394 neminem,
2146 1323 2245 1398 qui

297 1403 540 1474 nesciat,
571 1413 646 1473 te,
673 1403 856 1477 pridie
885 1402 1175 1461 Calendas
1202 1402 1239 1459 J
1244 1403 1532 1472 annarias,
1560 1402 1781 1478 Lepido
1818 1411 1879 1458 et
1905 1401 2081 1458 Tullo
2108 1421 2247 1458 oon-

299 1482 539 1551 sulibus,
569 1481 793 1538 stetisse
822 1480 882 1538 in
915 1481 1149 1538 comitio
1189 1499 1324 1537 cum
1364 1481 1519 1538 telo'l
1560 1499 1816 1551 manum,
1844 1481 2147 1536 consulum
2186 1489 2245 1536 et

296 1560 622 1636 principum
645 1558 892 1616 civitatis
911 1558 1435 1616 interficiendorum
1458 1558 1657 1629 causa,
1679 1557 2011 1634 paravisse?
2041 1558 2245 1615 sceleri
2282 1554 2351 1608 15

302 1656 372 1695 ac
403 1637 576 1694 furori
615 1646 716 1693 tuo
741 1656 858 1694 non
888 1648 1138 1694 mentem
1181 1637 1450 1711 aliquam,
1480 1645 1577 1693 aut
1616 1637 1878 1694 timorem
1920 1646 2101 1706 tuum,
2144 1637 2245 1692 sed

301 1715 584 1773 fortunam
613 1715 945 1791 reipublicae
961 1715 1287 1772 obstitisse?
1371 1716 1466 1772 Ac
1501 1714 1621 1790 jam
1663 1715 1760 1772 illa
1785 1714 2017 1772 omitto:
2059 1733 2247 1788 neque

299 1795 457 1850 enim
485 1803 618 1850 sunt
645 1803 744 1850 aut
768 1794 1034 1865 obscura,
1064 1802 1163 1850 aut
1188 1812 1305 1851 non
1329 1795 1507 1850 multa
1525 1791 1655 1867 post
1682 1793 2003 1850 commissa.
2083 1791 2250 1853 Quo-

301 1872 411 1929 ties
437 1882 500 1929 tu
529 1891 620 1928 me
649 1871 1032 1948 designatum,
1059 1871 1280 1946 quoties
1309 1873 1628 1940 consulem,
1654 1871 1977 1928 interficere
2007 1880 2247 1928 conatus

300 1969 364 2007 es
385 1951 409 2006 'l
450 1959 587 2025 quot
611 1969 720 2030 ego
747 1959 876 2006 tuas
901 1949 1226 2025 petitiones,
1257 1949 1338 2006 ita
1354 1950 1648 2027 conjectas
1674 1959 1739 2007 ut
1754 1949 1919 2006 vitari
1941 1969 2057 2006 non
2080 1967 2246 2024 posse
2279 1944 2351 1998 m

299 2029 647 2097 viderentur,
675 2027 851 2103 parva
877 2028 1126 2103 quadam
1153 2028 1559 2099 declinatione,
1577 2038 1636 2085 et
1660 2027 1751 2105 (ut
1778 2027 1967 2107 aiunt)
1992 2045 2247 2102 corpore,

300 2107 521 2183 effugi?
602 2105 767 2163 Nihil
796 2107 940 2184 agis,
968 2106 1111 2163 nihil
1141 2107 1479 2182 assequeris,
1508 2107 1653 2164 nihil
1681 2106 1915 2175 moliriS,
1936 2107 2088 2181 quod
2105 2105 2249 2162 mihi

303 2185 693 2242 latere'valeat
710 2185 768 2242 in
792 2195 1046 2261 tempore
1066 2204 1079 2242 :
1109 2203 1296 2262 neque
1313 2197 1509 2244 tamen
1532 2185 1729 2243 conari
1748 2203 1817 2242 ac
1835 2185 1977 2241 velle
2000 2184 2245 2242 desistis.

303 2264 556 2326 Quoties
577 2264 698 2340 jam
727 2263 831 2323 tibi
857 2274 1082 2322 extorta
1120 2274 1209 2322 est
1247 2264 1374 2322 sica
1414 2264 1523 2322 ista
1560 2265 1635 2321 de
1674 2265 1986 2321 manibus?
2027 2263 2249 2339 quoties

303 2340 438 2399 vero
466 2343 682 2401 excidit
709 2361 851 2399 casu
899 2342 1107 2415 aliquo,
1134 2353 1196 2398 et
1244 2342 1441 2415 elapsa
1464 2344 1593 2400 esti
1674 2341 1906 2399 Tamen
1934 2342 2006 2397 ea
2053 2359 2249 2399 carere
2281 2344 2355 2399 25

303 2420 522 2477 diutius
549 2440 665 2478 non
693 2430 887 2496 potes:
929 2438 1056 2495 quae
1083 2420 1314 2494 quidem
1342 2420 1551 2494 quibus
1580 2420 1681 2477 abs
1707 2429 1765 2476 te
1806 2418 2032 2477 initiata
2070 2419 2251 2476 sacris

305 2518 376 2556 ac
404 2500 606 2558 devota
631 2500 726 2570 sit,
770 2497 988 2568 nesci0,
1035 2495 1189 2573 quod
1233 2516 1364 2555 eam
1410 2515 1649 2555 necesse
1690 2507 1857 2573 putas
1898 2497 2149 2554 consulis
2191 2498 2251 2555 in

305 2596 540 2653 corpore
569 2577 838 2654 defigere.

382 2655 523 2714 VII.
565 2656 745 2714 Nunc
793 2652 950 2727 vero,
998 2674 1126 2730 quae
1168 2664 1270 2713 tua
1311 2664 1400 2713 est
1437 2653 1547 2713 ista
1593 2653 1754 2711 vita'l
1809 2651 1895 2711 sic
1936 2652 2092 2711 enim
2130 2652 2253 2730 jam

304 2745 496 2793 tecum
526 2734 742 2809 loquar,
771 2754 886 2792 non
915 2745 979 2792 ut
1003 2734 1136 2793 odio
1161 2744 1454 2810 permotus
1498 2752 1626 2791 esse
1654 2732 1867 2803 videar,
1895 2752 2009 2808 quo
2047 2732 2250 2803 debeo,
2285 2740 2359 2795 3⁰

305 2814 405 2871 sed
449 2822 512 2870 ut
551 2812 965 2884 misericordia,
993 2831 1120 2887 quae
1160 2812 1268 2871 tibi
1308 2814 1468 2870 nulla
1508 2813 1763 2869 debetur.
1845 2810 2075 2869 Venisti
2114 2830 2253 2886 pau-

303 2892 360 2949 lo
389 2890 522 2949 ante
553 2892 612 2949 in
659 2903 938 2948 senatum.
1020 2891 1176 2954 Quis
1217 2900 1295 2962 te,
1338 2910 1414 2949 ex
1456 2891 1569 2948 hac
1610 2890 1772 2947 tanta
1800 2890 2139 2965 frequentia,
2180 2909 2254 2947 ex

303 2981 387 3028 tot
414 2970 528 3027 tuis
556 2970 758 3027 amicis
786 2988 857 3027 ac
885 2970 1245 3040 necessariis,
1275 2968 1580 3027 salutavit?
1663 2969 1729 3025 Si
1758 2970 1889 3039 hoc,
1910 2979 2039 3043 post
2075 2968 2256 3025 homi-

304 3068 444 3107 num
476 3048 826 3119 memoriam,
857 3048 1098 3124 contigit
1123 3048 1366 3120 nemini,
1394 3047 1554 3106 vocis
1580 3057 1881 3123 exspectas
1919 3046 2256 3104 contumelia-

307 3146 420 3197 am,
476 3125 611 3183 cum
655 3127 734 3183 sis
792 3126 1126 3203 gravissimo
1176 3126 1400 3202 judicio
1454 3125 1865 3183 taciturnitatis
1902 3126 2251 3200 oppressus?
2286 3124 2359 3178 35

303 3204 489 3274 Quid,
517 3202 672 3279 quod
699 3204 945 3261 adventu
974 3215 1073 3262 tuo
1095 3204 1205 3262 ista
1231 3205 1503 3262 subsellia
1530 3203 1871 3261 vacuefacta
1897 3204 2069 3260 sunt?
2096 3200 2253 3277 quod

207 3330 212 3336 .
304 3299 509 3339 omnes
569 3280 920 3351 consulares,
973 3283 1071 3357 qui
1124 3283 1230 3339 tibi
1267 3302 1524 3359 persaepe
1581 3282 1650 3339 ad
1694 3282 1914 3339 caedem
1958 3280 2255 3338 constituti

309 3358 562 3427 suerunt,
611 3357 779 3413 simul
829 3371 998 3431 atque
1039 3359 1322 3432 assedisti,
1368 3374 1589 3436 partem
1637 3360 1805 3417 istam
1853 3357 2253 3416 subselliorum

308 3435 525 3491 nudam
555 3433 979 3508 atqueinanem
1008 3436 1401 3509 reliquerunt?
1480 3438 1622 3498 Quo
1648 3438 1883 3495 tandem
1922 3436 2115 3495 animo
2141 3437 2256 3494 hoc

307 3512 415 3571 tibi
457 3512 755 3569 serendum
807 3514 1014 3597 putas?
1107 3512 1269 3569 Servi
1326 3511 1711 3593 (mehercule)
1768 3516 1882 3573 mei
1924 3515 1972 3573 si
2012 3534 2105 3573 me
2147 3515 2255 3574 isto
2288 3511 2361 3567 40

311 3602 478 3667 pacto
531 3599 875 3661 metuerent,
916 3598 988 3648 'ut
1027 3603 1084 3648 te
1126 3599 1389 3649 metuunt
1429 3611 1629 3649 omnes
1669 3594 1825 3651 cives
1872 3593 1977 3663 tui,
2021 3595 2254 3652 domum

311 3688 495 3727 meam
523 3669 954 3745 relinquendam
983 3679 1244 3745 putarem
1270 3689 1283 3727 :
1325 3680 1387 3729 tu
1415 3671 1517 3727 tibi
1547 3672 1744 3729 urbem
1776 3692 1890 3731 non
1922 3672 2254 3730 arbitraris?

311 3748 403 3819 Et,
432 3749 481 3806 si
509 3767 602 3806 me
630 3749 774 3806 meis
801 3748 1025 3808 civibus
1053 3747 1265 3823 injuria
1293 3759 1624 3825 suspectum
1650 3760 1767 3808 tam
1808 3752 2055 3827 graviter
2086 3759 2253 3824 atque

303 3827 587 3887 offensum
617 3828 902 3899 viderem;
945 3846 1144 3887 carere
1163 3846 1254 3885 me
1284 3829 1558 3904 adspectu
1578 3828 1813 3899 civium,
1830 3826 2004 3903 quam
2032 3826 2255 3885 infestis
