2698 4492
757 313 1032 365 ORATIO
1077 314 1175 365 111.
1223 315 1298 365 IN
1345 314 1407 364 L.
1454 313 1883 365 CATILINAM.
2326 317 2409 378 25

330 459 793 542 crudelissimum
823 478 892 518 ac
920 458 1256 532 maximum,
1285 478 1380 517 me
1420 479 1539 518 uno
1577 468 1771 537 togato
1798 458 1950 517 duce
1978 466 2037 516 et
2062 456 2306 534 impera-

275 580 278 583 ·
327 549 470 610 tore,
493 539 741 602 sedetur.
809 538 990 601 Quod
1013 558 1121 614 ego
1140 539 1226 596 sic
1249 539 1680 611 administrabo,
1702 538 1991 609 Quirites,
2013 546 2095 608 ut,
2116 537 2163 594 si
2186 537 2305 596 ullo

327 620 497 678 modo
523 619 648 676 fieri
674 619 901 694 poterit,
923 637 999 676 ne
1027 618 1318 692 improbus
1337 619 1573 694 quidem
1600 619 1903 694 quisquam
1931 617 1989 675 in
2020 617 2132 674 hac
2160 617 2305 674 urbe

325 717 558 776 poenam
579 699 669 754 sui
691 697 930 755 sceleris
951 697 1203 754 sufferat.
1267 698 1407 768 Sed,
1430 698 1479 755 si
1501 698 1587 756 vis
1606 697 1926 755 manifestae
1950 695 2231 767 audaciae,
2254 696 2303 754 si

328 778 668 854 impendens
706 777 907 852 patriae
958 776 1302 852 periculum,
1345 795 1440 834 me
1479 775 1811 835 necessario
1852 777 1927 833 de
1968 776 2080 832 hac
2124 775 2302 833 animi
2373 786 2407 835 5

325 856 566 914 lenitate
588 855 933 912 deduxerint
953 875 968 924 ;
1013 855 1155 912 illud
1175 853 1433 930 profecto
1454 856 1771 931 perficiam,
1794 855 1947 930 quod
1976 854 2037 911 in
2064 863 2225 911 tanto
2244 863 2305 912 et

325 945 446 991 tam
476 934 752 991 insidioso
771 933 923 990 bello
941 933 1037 991 vix
1055 933 1370 1009 optandum
1389 934 1635 1004 videtur,
1658 944 1722 991 ut
1748 953 1823 991 ne
1850 933 1979 1008 quis
2006 933 2190 990 bonus
2218 933 2305 990 in-

325 1023 532 1082 tereat,
558 1030 990 1088 paucorumque
1015 1012 1187 1088 poem‘i
1213 1031 1312 1070 vos
1333 1011 1456 1088 jam
1482 1031 1683 1070 omnes
1710 1013 1851 1069 salvi
1880 1030 2005 1068 esse
2030 1011 2275 1086 possitis.

405 1091 562 1151 Quae
603 1088 838 1165 quidem
877 1110 1004 1168 ego,
1046 1109 1234 1167 neque
1273 1090 1407 1148 meai
1445 1090 1753 1167 prudentia
1800 1107 1987 1164 neque
2034 1090 2303 1146 humanis

329 1169 585 1226 consiliis
627 1169 826 1240 fretuS,
853 1170 1126 1245 polliceor
1167 1169 1346 1241 vobiS,
1374 1168 1674 1239 Quirites3
1718 1170 1821 1226 sed
1853 1167 2048 1224 multis
2089 1177 2147 1224 et
2186 1188 2301 1227 non
2338 1169 2405 1222 10

327 1248 524 1305 dubiis
547 1247 806 1306 Deorum
835 1249 1242 1308 immortalium
1263 1249 1805 1326 significationibuS,
1828 1247 2037 1323 quibus
2065 1265 2175 1322 ego
2202 1246 2304 1303 du-

327 1327 494 1384 cibus
534 1327 595 1384 in
637 1327 792 1384 hanc
831 1347 990 1404 spem
1031 1329 1495 1403 sententiamque
1531 1346 1659 1386 sum
1688 1328 2015 1404 ingressus:
2056 1326 2156 1400 qui
2178 1325 2297 1401 jam

324 1426 438 1464 non
477 1405 676 1482 procul
723 1405 815 1482 (ut
855 1409 1143 1482 quondam
1199 1407 1487 1487 solebant)
1532 1408 1606 1464 ab
1647 1417 1884 1464 externo
1924 1406 2087 1463 hoste
2130 1414 2301 1481 atque

324 1485 654 1561 longinquo,
685 1486 788 1542 sed
829 1485 928 1543 hic
966 1497 1277 1563 praesentes
1317 1506 1423 1544 suo
1462 1487 1702 1544 numine
1745 1495 1915 1560 atque
1954 1484 2167 1542 auxilio
2194 1503 2302 1542 sua

321 1564 536 1640 templa
584 1575 756 1639 atque
803 1565 962 1622 urbis
1008 1576 1184 1637 tecta,
1233 1565 1553 1623 defendunt
1576 1585 1589 1622 ε
1651 1583 1793 1640 quos
1846 1583 1964 1634 vos,
2010 1562 2299 1635 Quirites,
2336 1557 2405 1610 15

269 1675 274 1679 ·
320 1642 567 1719 precari,
609 1643 893 1714 venerari,
937 1655 1107 1720 atque
1149 1643 1453 1721 implorare
1494 1645 1737 1714 debetis,
1768 1653 1851 1714 ut,
1880 1661 2054 1718 quam
2094 1643 2300 1700 urbem

320 1720 791 1797 pulcherrimam,
821 1721 1304 1794 florentissimam,
1331 1723 1902 1799 potentissimamque
1942 1741 2071 1779 esse
2110 1721 2301 1778 volue-

285 1825 289 1830 ·
321 1808 476 1870 runt,
506 1801 680 1871 hanc,
706 1801 976 1858 omnibus
1017 1802 1268 1861 hostium
1309 1802 1491 1878 copiis
1525 1801 1681 1858 terra
1708 1801 1969 1876 marique
1996 1800 2298 1876 superatis,

323 1897 358 1936 a
383 1878 902 1954 perditissimorum
929 1881 1146 1939 civium
1172 1881 1395 1939 nefario
1421 1881 1643 1938 scelere
1670 1879 2002 1938 defendant.

958 2286 1420 2369 ORATIO
1507 2286 1669 2366 III.

1276 2460 1346 2501 m

731 2575 844 2651 L.
935 2546 1917 2688 CATILINAM.'

395 2914 446 2973 Ι.
530 2914 1021 2989 hammum,
1057 2914 1344 2988 Quirites,
1387 2916 1679 2996 vitamque
1717 2919 1978 2979 omnium
2018 2918 2290 2992 vestrum,
2325 2935 2401 2990 20

317 2995 488 3067 bona,
519 2994 793 3067 fortunas,
825 2996 1122 3073 conjugeS,
1151 2996 1476 3073 liberosque
1503 3009 1740 3071 vestros,
1772 3010 1942 3077 atque
1975 2999 2086 3057 hoc
2115 2998 2294 3058 domi-

316 3074 518 3132 cilium
559 3073 864 3133 clarissimi
907 3074 1152 3151 imperii,
1183 3074 1694 3135 fortunatissimam
1728 3078 2291 3155 pulcherrimamque

315 3154 547 3224 urbem,·
568 3154 845 3211 hodierno
872 3154 986 3226 die,
1015 3153 1272 3212 Deorum
1315 3155 1726 3215 immortalium
1766 3175 1991 3215 summo
2026 3175 2167 3232 erga
2192 3176 2291 3215 vos

316 3250 528 3303 amore,
547 3232 859 3305 laboribus,
879 3233 1154 3305 consiliiS,
1171 3234 1561 3312 periculisque
1582 3236 1746 3309 meiS,
1770 3256 1843 3293 ex
1862 3235 2096 3292 flamma
2120 3244 2290 3309 atque

211 3378 216 3384 ,
314 3310 483 3382 ferro,
515 3329 584 3368 ac
609 3310 758 3387 pene
789 3331 861 3369 ex
887 3312 1155 3370 faucibus
1184 3312 1286 3371 fati
1314 3325 1589 3391 ereptam,
1619 3324 1678 3373 et
1704 3315 1865 3373 vobis
1894 3322 2289 3381 conservatam
2322 3328 2394 3382 25

315 3409 386 3447 ac
423 3389 767 3461 restitutam,
796 3392 1020 3449 videtiS.
1104 3392 1200 3463 Et,
1229 3392 1279 3449 si
1306 3412 1423 3450 non
1444 3391 1639 3450 minus
1665 3392 1832 3450 nobis
1847 3391 2093 3467 jucundi
2118 3402 2289 3467 atque

315 3468 563 3527 illustres
603 3480 737 3527 sunt
778 3470 820 3527 ii
862 3468 987 3527 dies
1026 3471 1236 3546 quibus
1277 3489 1705 3542 conservamur,
1738 3468 1913 3545 quam
1954 3468 2039 3527 illi
2078 3471 2289 3546 quibus

311 3548 605 3605 nascimur
631 3546 816 3625 (quod
844 3550 1046 3607 salutis
1067 3558 1228 3607 certa
1247 3548 1451 3606 laetitia
1468 3558 1574 3621 est,
1597 3548 1879 3608 nascendi
1906 3548 2131 3607 incerta
2152 3570 2289 3608 con-

311 3628 473 3707 ditio,
503 3636 560 3683 et
587 3626 744 3702 quod
773 3628 898 3685 sine
927 3646 1100 3686 sensu
1121 3628 1437 3699 nascimur,
1461 3647 1597 3686 cum
1616 3628 1906 3705 voluptate
1926 3630 2247 3709 servamur)
2268 3650 2284 3701 ;

309 3704 587 3782 profecto,
617 3707 888 3782 quoniam
918 3708 1100 3779 illum,
1123 3707 1221 3782 qui
1244 3708 1398 3765 hanc
1418 3708 1623 3765 urbem
1644 3709 1922 3780 condidit,
1945 3708 2284 3781 Romulum,
2318 3712 2392 3768 30
2422 3773 2431 3778 ,

313 3785 386 3842 ad
425 3784 584 3843 Deos
625 3786 976 3843 immortales
1017 3785 1418 3844 benevolentia
1460 3786 1728 3864 famaque
1768 3788 2123 3859 sustulimus,
2158 3806 2286 3845 esse

312 3864 464 3941 apud
493 3882 589 3923 vos
614 3874 984 4001 postgrosque
1010 3875 1228 3923 vestros
1248 3864 1308 3923 in
1330 3867 1545 3925 honore
1572 3866 1809 3925 debebit
1828 3866 1897 3937 is,
1918 3866 2017 3941 qui
2038 3866 2284 3924 eandem
