2698 4492
866 304 1141 353 ORATIO
1184 303 1261 353 IN
1304 304 1382 352 M.
1425 302 1832 352 ANTONIUM.
2330 302 2446 361 139

358 446 687 523 respublica
732 458 1032 505 auctores:
1094 466 1205 524 ego
1249 458 1307 505 te
1346 444 1575 505 tantum
1615 446 1872 523 gaudere
1911 444 2080 515 dico;
2137 443 2346 513 secisse

361 546 479 584 non
508 546 702 603 arguo.
785 526 1087 600 Respondi
1116 526 1382 583 maximis
1423 525 1800 583 criminibus·
1843 544 2002 583 nunc
2043 522 2220 581 etiam
2261 541 2348 580 re-

360 604 536 680 liquis
563 606 1029 679 respondendum
1058 614 1162 662 est.

441 683 577 741 XV.
648 685 859 741 Castra
886 683 1029 739 mihi
1056 682 1337 757 Pompeii,
1368 693 1544 757 atque
1573 682 1717 739 illud
1761 702 1934 741 omne
1973 692 2221 757 tempuS‚
2250 680 2350 739 ob-

356 762 567 837 jecisti.
647 763 791 825 Quo
816 762 1050 837 quidem
1094 770 1349 836 tempore
1379 762 1427 817 si
1478 760 1570 837 (ut
1616 760 1761 840 dixi)
1807 780 2001 818 meum
2041 760 2348 819 consilium
2410 761 2448 815 5

366 842 791 916 auctoritasque
817 840 1125 911 valuisset3
1168 850 1233 897 tu
1259 840 1432 897 hodie
1459 858 1696 915 egeres3
1738 858 1844 897 nos
1863 840 2031 897 liberi
2053 857 2346 905 essemuS,
2333 858 2345 871 ·

363 920 695 1009 respublica
746 939 862 977 non
915 928 998 976 tot
1043 920 1223 976 duces
1262 928 1322 975 et
1381 918 1668 975 exercitus
1727 918 2028 975 amisisset.
2137 916 2350 975 Fateor

363 999 542 1068 enim,
570 1016 684 1069 me,
708 1016 845 1055 cum
872 1016 962 1068 ea,
991 1016 1118 1072 quae
1162 996 1522 1066 acciderunt,
1548 995 1908 1085 providerem
1949 996 2159 1067 futura,
2187 996 2350 1053 tanta

364 1076 427 1133 in
454 1044 725 1133 moestitia
753 1076 949 1146 fuisse,
978 1076 1195 1151 quanta
1224 1074 1422 1133 caeteri
1467 1074 1670 1149 optimi
1715 1075 1892 1145 civeS,
1921 1074 1970 1131 si
2018 1074 2175 1131 idem
2221 1092 2351 1149 pro-

365 1154 661 1225 vidissent,
724 1154 981 1212 fuissent.
1064 1154 1369 1224 Dolebam,
1423 1154 1708 1223 dolebam,
1749 1152 1952 1211 Patres
1997 1151 2348 1228 conscripti,
2382 1162 2452 1216 10

365 1233 803 1308 rempublicam,
852 1233 1055 1290 vestris
1101 1233 1390 1321 quondam
1439 1231 1698 1305 meisque
1747 1231 2004 1289 consiliis
2051 1250 2350 1289 conserva-

364 1321 504 1382 tam,
535 1312 693 1369 brevi
740 1320 996 1386 tempore
1041 1331 1169 1369 esse
1211 1311 1542 1387 perituram.
1624 1309 1836 1384 Neque
1864 1308 2000 1367 vero
2029 1328 2189 1367 eram
2230 1319 2349 1365 tam

366 1389 673 1448 indoctus
660 1408 1009 1467 ignarusque
1036 1408 1250 1461 rerum,
1299 1399 1364 1447 ut
1409 1389 1707 1465 frangerer
1735 1388 1928 1446 animo
1961 1397 2194 1464 propter
2221 1387 2351 1445 vitae

365 1469 762 1545 cupiditatem,
793 1488 919 1543 quae
948 1488 1041 1527 me
1069 1488 1310 1526 manens
1358 1468 1668 1525 conficeret
1717 1468 2045 1544 angoribus,
2095 1466 2351 1539 dimissa,

364 1548 639 1605 molestiis
665 1548 931 1605 omnibus
956 1547 1243 1605 liberaret.
1328 1546 1466 1604 Illos
1505 1566 1614 1623 ego
1657 1545 2154 1623 praestantissimos
2181 1546 2351 1619 vir05,
2381 1550 2453 1603 15

366 1624 587 1683 lumina
613 1625 963 1700 reipublicae,
991 1626 1183 1683 vivere
1210 1624 1492 1696 volebam,
1520 1635 1604 1686 tot
1648 1626 2000 1695 consulares,
2029 1633 2112 1682 tot
2151 1634 2354 1699 praeto-

368 1702 502 1773 rios,
562 1713 646 1762 tot
698 1703 1125 1761 honestissimos
1166 1714 1495 1793 senatore&-
1527 1722 1759 1762 omnem
1817 1713 2100 1778 praeterea
2152 1702 2353 1760 florem

368 1748 683 1869 nobilitatis
725 1799 796 1839 ac
834 1780 1175 1872 juventutiS,
1216 1792 1341 1840 tum
1381 1782 1725 1858 optimorum
1767 1782 1983 1839 civium
2023 1780 2350 1839 exercitus:

367 1858 467 1935 qui
495 1859 545 1916 si
571 1859 845 1930 viverent,
874 1860 1133 1934 quamvis
1160 1860 1360 1935 iniqua
1399 1860 1730 1919 conditione
1767 1860 1951 1936 pacis,
1984 1858 2154 1935 (mihi
2195 1859 2353 1917 enim

364 1938 552 1996 omnis
576 1956 692 2013 pax
718 1958 851 1996 cum
882 1938 1105 1996 civibus
1131 1940 1283 1997 bello
1308 1938 1466 1997 civili
1507 1939 1702 1997 utilior
1727 1939 2056 2029 videbatur)
2088 1938 2354 2014 rempub-
2379 1937 2452 1992 m

364 2016 541 2075 licam
569 2016 741 2075 hodie
768 2026 1113 2076 teneremus.
1194 2018 1352 2080 Quae
1397 2018 1686 2077 sententia
1712 2018 1762 2075 si
1788 2018 2080 2090 valuisset,
2126 2036 2195 2075 ac
2236 2036 2352 2075 non

364 2094 407 2151 ii
434 2094 683 2153 maxime
712 2096 874 2167 mihi,
904 2115 1144 2171 quorum
1172 2116 1281 2173 ego
1325 2096 1458 2155 vitae
1503 2097 1896 2169 consulebam,
1945 2116 2046 2173 spe
2095 2096 2350 2154 victorias

362 2173 521 2245 elati,
548 2174 931 2245 obstitissent3
976 2184 1041 2232 ut
1069 2175 1182 2232 alia
1205 2175 1490 2246 omittam,
1517 2185 1581 2233 tu
1610 2174 1772 2233 certe
1793 2194 2121 2262 nunquam
2150 2174 2211 2233 in
2241 2176 2351 2232 hoc

364 2253 586 2323 ordine,
615 2253 704 2310 vel
731 2253 921 2329 potius
950 2253 1011 2310 in
1040 2254 1151 2310 hac
1178 2255 1340 2324 urbe,
1371 2255 1697 2312 mansisses,

449 2331 533 2386 At
558 2329 695 2386 vero
724 2331 835 2388 Cn.
865 2331 1125 2405 Pompeii
1171 2331 1522 2388 voluntatem
1551 2350 1586 2388 a
1629 2351 1724 2388 me
1769 2332 2136 2389 abalienabat
2173 2329 2356 2388 oratio
2375 2339 2452 2394 25

366 2425 515 2464 mea.
600 2408 699 2464 An
726 2408 825 2465 ille
854 2426 1183 2482 quenquam
1227 2406 1362 2482 plus
1407 2409 1652 2466 dilexit?
1695 2427 1831 2466 cum
1871 2409 1990 2466 ullo
2019 2419 2118 2466 aut
2144 2427 2356 2467 sermo-

366 2505 475 2544 nes
504 2495 603 2544 aut
632 2485 872 2543 consilia
902 2485 1145 2542 contulit
1172 2485 1424 2574 saepius'l
1468 2487 1618 2560 quod
1647 2486 1880 2561 quidem
1907 2497 2032 2544 erat
2058 2506 2354 2576 magnum,

366 2565 439 2622 de
467 2565 692 2621 summa
720 2584 783 2622 re
810 2563 1235 2634 dissentienteS‚
1264 2564 1323 2622 in
1353 2565 1561 2623 eadem
1601 2567 2028 2623 consuetudine
2080 2564 2352 2623 amicitias

364 2661 725 2719 permanere.
809 2643 929 2700 Sed
956 2657 1015 2700 et
1040 2661 1168 2718 eg0,
1196 2642 1337 2717 quid
1365 2643 1480 2715 ille,
1509 2653 1570 2701 et
1607 2641 1811 2701 contra
1851 2644 1968 2715 ille,
1998 2643 2135 2719 quid
2163 2663 2270 2734 ego
2297 2655 2356 2703 et

360 2722 640 2780 sentirem
686 2731 745 2779 et
798 2723 1141 2796 spectarem,
1190 2721 1438 2779 videbat.
1521 2723 1651 2799 Ego
1703 2690 2086 2781 incolumitati
2140 2723 2353 2780 civium
2379 2729 2451 2784 30

362 2799 633 2877 primum,
688 2809 748 2858 et
791 2809 991 2875 postea
1036 2799 1337 2875 dignitati3
1385 2800 1481 2858 ille
1536 2801 1808 2876 praesenti
1853 2801 2120 2877 dignitati
2161 2801 2354 2877 potius

362 2878 716 2938 consulebat.
797 2877 984 2940 Quod
1012 2887 1203 2935 autem
1231 2879 1483 2936 habebat
1509 2889 1750 2954 uterque
1798 2881 1950 2955 quod
1996 2892 2350 2955 sequeretur,

366 2957 587 3015 idcirco
639 2957 986 3014 tolerabilior
1038 2967 1165 3014 erat
1216 2967 1414 3015 nostra
1463 2958 1760 3017 dissensio.
1866 2958 2036 3020 Quid
2075 2958 2212 3018 vero
2254 2960 2352 3018 ille

362 3035 673 3113 singularis
700 3035 804 3106 vir,
848 3054 919 3092 ac
963 3033 1114 3110 pene
1156 3035 1406 3106 divinae,
1435 3037 1509 3094 de
1556 3057 1650 3094 me
1697 3039 1962 3109 senserit,
2011 3037 2221 3109 sciunt,
2252 3039 2350 3113 qui

364 3133 499 3172 eum
529 3115 602 3171 de
629 3113 963 3170 Pharsalica
994 3113 1131 3190 fuga
1148 3114 1437 3203 Paphum
1475 3115 1766 3190 prosecuti
1797 3126 1947 3172 sunt.
2030 3115 2348 3190 Nunquam
2373 3117 2446 3172 35

367 3193 441 3248 ab
468 3212 539 3250 eo
564 3192 779 3250 mentio
826 3193 899 3248 de
942 3210 1055 3262 me,
1103 3193 1217 3250 nisi
1265 3193 1598 3264 honorifica,
1646 3193 1760 3251 nisi
1799 3195 1970 3269 plena
2014 3194 2351 3252 amicissimi

365 3270 673 3339 desiderii3
716 3268 853 3326 cum
880 3289 973 3326 me
992 3237 1209 3360 ,vidisse
1258 3270 1389 3346 plus
1436 3272 1728 3342 fateretur,
1760 3291 1824 3329 se
1871 3273 2188 3347 speravisse
2229 3291 2350 3330 me-

364 3348 525 3406 liora.
609 3349 686 3405 Et
732 3348 860 3423 ejus
902 3347 1009 3404 viri
1057 3348 1291 3407 nomine
1337 3367 1430 3407 me
1478 3350 1752 3408 insectari
1801 3350 2000 3421 audes,
2047 3350 2214 3425 cujus
2253 3369 2349 3409 me

366 3427 639 3498 amicum,
669 3436 727 3484 te
756 3435 1057 3499 sectorem,
1086 3447 1213 3486 esse
1242 3427 1502 3488 fateare'l

443 3504 614 3564 XVI.
656 3507 778 3564 Sed
803 3505 1099 3564 omittatur
1127 3507 1341 3565 bellum
1389 3505 1550 3577 illud,
1580 3505 1641 3563 in
1689 3526 1804 3582 quo
1827 3516 1892 3564 tu
1938 3503 2184 3564 nimium
2213 3506 2348 3566 felix
2371 3516 2443 3570 40

364 3583 539 3642 fixisti.
622 3584 719 3644 Ne
766 3585 915 3661 jocis
962 3585 1195 3660 quidem
1240 3585 1615 3658 respondebo,
1665 3585 1873 3660 quibus
1917 3604 2012 3643 me
2055 3583 2116 3643 in
2145 3586 2348 3646 castris

364 3682 533 3722 usum
578 3683 705 3722 esse
752 3662 961 3722 dixisti.
1045 3662 1229 3719 Erant
1276 3661 1376 3718 illa
1422 3663 1654 3737 quidem
1702 3672 1894 3722 castra
1936 3664 2112 3740 plena
2150 3683 2344 3722 curae:

364 3753 737 3801 veruntamen
765 3739 1045 3811 homines,
1076 3739 1336 3814 quamvis
1382 3739 1442 3798 in
1471 3741 1716 3799 turbidis
1761 3743 1935 3801 rebus
1963 3744 2096 3813 sint,
2125 3751 2342 3812 tamen,
