2698 4492
340 280 457 339 158
911 278 1185 328 ORATIO
1226 278 1301 328 IN
1351 276 1426 327 M.
1470 277 1881 328 ANTonM.

432 430 493 481 et
511 408 731 498 'quanta
771 421 1037 481 barbaria
1062 422 1187 481 est!
1270 420 1527 499 Agmine
1569 421 1850 496 quadrato
1891 440 2026 478 cum
2067 419 2278 499 gladiis
2323 440 2418 479 se-

432 511 683 577 quuntur
711 500 958 559 milites:
1013 512 1307 559 scutorum
1346 500 1588 557 lecticas
1616 499 1826 574 portari
1854 500 2131 557 videmus.
2215 501 2416 576 Atque

434 579 525 637 his
560 580 791 655 quidem
826 579 947 656 jam
989 579 1339 649 inveteratis,
1369 578 1570 635 Patres
1611 578 1961 653 Conscripti,
1992 580 2415 637 consuetudine

432 658 827 715 obduruimus.
908 658 1185 716 Calendis
1226 657 1421 715 Juniis
1449 653 1583 713 cum
1614 656 1673 713 in
1711 667 1974 713 senatum
2006 655 2096 734 (ut
2123 668 2247 714 erat
2273 676 2414 714 con-

370 737 407 789 5
436 736 724 816 stitutum)
756 736 952 794 venire
974 736 1267 806 vellemus,
1294 748 1454 792 metu
1473 735 1760 810 perterriti
1787 734 2022 810 repente
2053 736 2409 812 diffugimus.

514 814 599 873 At
640 815 767 886 iste,
811 815 920 891 qui.
952 824 1157 873 senatu
1202 834 1319 872 non
1361 824 1578 891 egeret,
1607 832 1794 889 neque
1843 814 2189 871 desideravit
2233 833 2414 889 quen-

434 911 628 968 quam,
654 903 715 952 et
754 892 945 969 potius
986 893 1243 951 discessu
1289 904 1484 951 nostro
1525 891 1750 950 laetatus
1791 903 1915 962 est3
1977 892 2282 967 statimque
2313 892 2414 950 illa

436 971 723 1029 mirabilia
763 972 1023 1031 facinora
1064 972 1275 1029 effecit.
1357 970 1481 1033 Qui
1525 971 1906 1048 chirographa
1934 970 2182 1029 Caesaris
2212 971 2414 1028 defen-

436 1049 611 1107 disset
640 1050 786 1109 lucri
812 1051 903 1110 sui
944 1051 1143 1123 causa,
1172 1051 1221 1108 is
1261 1050 1419 1127 leges
1447 1049 1714 1121 CaesariS,
1756 1068 1965 1125 easque
1993 1050 2315 1125 praeclaras,
2347 1063 2413 1108 ut

339 1124 411 1177 10
438 1129 853 1206 rempublicam
882 1140 1192 1187 concutere
1233 1138 1444 1205 posset,
1471 1129 1689 1186 evertit.
1773 1128 2096 1185 Numerum
2127 1146 2409 1185 annorum

436 1208 747 1282 provinciis
784 1209 1136 1284 prorogavit:
1198 1208 1486 1282 idemque,
1529 1207 1663 1265 cum
1716 1217 1973 1265 actorum
2018 1207 2266 1264 Caesaris
2313 1208 2412 1263 de-

438 1284 628 1343 fensor
656 1304 783 1343 esse
824 1287 1079 1357 deberet,
1122 1297 1183 1343 et
1223 1286 1282 1343 in
1311 1284 1558 1361 publicis
1599 1299 1661 1345 et
1687 1285 1746 1343 in
1788 1285 2022 1361 privatis
2065 1284 2235 1341 rebus
2279 1296 2411 1342 acta

438 1364 687 1421 Caesaris
734 1364 985 1421 rescidit.
1095 1363 1166 1421 In
1218 1364 1468 1440 publicis
1516 1365 1660 1423 nihil
1713 1374 1802 1421 est
1847 1364 1975 1441 lege
2022 1364 2286 1439 gravius;
2349 1365 2410 1420 in

436 1441 671 1517 privatis
724 1442 1110 1499 firmissimum
1164 1452 1253 1500 est
1304 1451 1730 1501 testamentum.
1844 1442 2033 1519 Leges
2087 1442 2230 1499 alias
2281 1441 2412 1498 sine

342 1521 412 1575 15
438 1519 891 1597 promulgatione
920 1521 1184 1579 sustulit:
1244 1520 1386 1579 alias
1415 1532 1478 1577 ut
1516 1523 1759 1587 tolleret,
1786 1520 2182 1597 promulgavit.
2264 1520 2414 1577 Tes-

438 1608 757 1657 tamentum
807 1599 1025 1657 irritum
1058 1600 1227 1670 secit3
1285 1600 1437 1676 quod
1481 1601 1655 1659 etiam
1685 1599 1896 1657 infimis
1937 1600 2160 1657 civibus
2187 1618 2414 1675 semper

438 1678 737 1735 obtentum
764 1689 869 1736 est.
968 1680 1173 1756 Signa,
1216 1680 1460 1750 tabulas,
1490 1698 1631 1755 quas
1657 1678 1865 1755 populo
1904 1678 2102 1735 Caesar
2130 1678 2248 1735 una
2277 1696 2412 1735 cum

440 1756 618 1814 hortis
660 1757 890 1835 legavit,
931 1777 1031 1815 eas
1073 1758 1171 1817 hic
1215 1758 1421 1834 partim
1466 1757 1526 1815 in
1556 1761 1748 1817 hortos
1791 1756 2047 1832 Pompeii
2073 1756 2392 1833 deportavit

439 1835 645 1913 partim
676 1836 735 1892 in
763 1837 955 1895 villam
985 1836 1292 1913 Scipionis.

340 1920 413 1973 20
518 1913 749 1972 XLIII.
832 1914 909 1985 Et
929 1925 991 1973 tu
1014 1916 1073 1972 in
1095 1916 1345 1973 Caesaris
1367 1916 1642 1973 memoria
1665 1915 1945 1993 diligens?
1986 1924 2049 1971 tu
2072 1913 2230 1972 illum
2255 1932 2416 1970 amas

440 2002 725 2049 mortuum
750 1994 774 2048 'l
874 1992 1072 2055 Quem
1128 1994 1177 2050 is
1225 1992 1496 2069 majorem
1545 1996 1818 2052 honorem
1873 2002 2222 2051 consecutus
2270 2004 2415 2062 erat,

440 2066 611 2145 quam
642 2080 703 2128 ut
732 2070 970 2129 haberet
1003 2071 1286 2147 pulvinar,
1316 2073 1710 2143 simulacrum,
1740 2071 2050 2147 fastigium,
2081 2070 2415 2128 flaminem?

444 2146 549 2204 Est
576 2166 714 2225 ergo
741 2148 971 2221 flamen,
996 2162 1059 2207 ut
1085 2150 1237 2221 Jovi,
1260 2161 1323 2208 ut
1348 2149 1547 2222 Marti,
1575 2165 1640 2211 ut
1664 2152 1937 2221 Quirino,
1967 2150 2052 2208 sic
2080 2149 2229 2207 Divo
2258 2149 2293 2206 J
2299 2150 2418 2205 ulio

444 2224 529 2284 M.
573 2227 907 2287 Antonius?
989 2229 1153 2293 Quid
1198 2228 1372 2308 igitur
1415 2231 1653 2289 cessas?
1715 2251 1820 2290 cur
1859 2250 1975 2288 non
2022 2229 2416 2306 inaugurare?

342 2309 415 2364 25
444 2326 606 2364 sume
629 2307 816 2366 diem:
860 2309 1011 2381 vide,
1054 2309 1151 2384 qui
1178 2319 1235 2367 te
1279 2309 1602 2387 inauguret.
1684 2310 1938 2386 Collegae
1966 2327 2199 2378 sumus3
2243 2319 2418 2365 nemo

444 2386 698 2462 negabit.
779 2386 836 2445 Ο
865 2389 1259 2447 detestabilem
1303 2389 1615 2460 hominem,
1644 2389 1762 2446 sive
1789 2387 1943 2464 qudd
1971 2387 2199 2463 tyranni
2229 2405 2420 2444 sacer-

443 2464 548 2522 dos
574 2485 657 2536 eS,
686 2465 804 2524 sive
831 2465 984 2542 quod
1014 2467 1253 2526 mortui!
1335 2467 1556 2530 Quaero
1593 2466 1889 2543 deinceps,
1917 2486 2078 2537 num,
2107 2466 2420 2524 hodiernus

445 2542 569 2600 dies
596 2545 693 2620 qui
721 2545 813 2616 sit,
844 2546 1118 2622 ignores?
1179 2547 1374 2604 nescis
1415 2545 1536 2604 heri
1564 2557 1827 2623 quartum
1859 2546 1918 2602 in
1947 2545 2123 2603 Circo
2150 2544 2301 2600 diem
2331 2545 2419 2601 lu-

446 2621 649 2679 dorum
693 2622 1091 2684 Romanorum
1140 2626 1354 2682 fuisse?
1422 2635 1480 2682 te
1529 2625 1714 2699 ipsum
1769 2640 1959 2682 autem
2017 2624 2088 2680 ad
2143 2623 2419 2698 populum

344 2699 415 2752 30
446 2699 663 2770 tulisse,
692 2711 757 2757 ut
797 2703 1031 2776 quintus
1066 2714 1343 2778 praeterea
1389 2704 1514 2761 dies
1541 2703 1760 2762 Caesari
1807 2703 2196 2762 tribueretur?
2294 2701 2419 2758 Cur

446 2795 561 2833 non
592 2797 788 2835 sumus
815 2781 1174 2855 praetextati'l
1216 2800 1319 2838 cur
1351 2782 1644 2854 honorem,
1673 2782 1891 2840 Caesari
1918 2781 2019 2838 tua
2047 2781 2174 2857 lege
2196 2780 2417 2850 datum,

445 2853 633 2911 deseri
678 2857 963 2930 patimur?
1061 2859 1159 2914 An
1202 2858 1670 2934 supplicationes,
1715 2860 1980 2918 addendo
2019 2860 2193 2930 diem,
2221 2869 2421 2926 conta-

444 2931 652 2989 minari
680 2952 881 3007 passus
907 2955 1002 3006 es3
1044 2935 1366 3011 pulvinaria
1406 2939 1682 2996 noluisti?
1764 2940 1888 2996 Aut
1915 2938 2166 3014 undique
2183 2935 2419 3014 ‘feligio-

444 3029 578 3066 nem
608 3010 760 3081 tolle,
791 3023 889 3070 aut
915 3033 1318 3090 usquequaque
1345 3035 1641 3074 conserva.

344 3099 417 3154 35
522 3088 790 3161 QuaereS,
818 3091 1121 3166 placeatne
1144 3094 1284 3151 mihi
1304 3095 1566 3170 pulvinar
1587 3093 1732 3167 esse,
1763 3095 2074 3172 fastigium,
2105 3094 2415 3152 flaminem.

446 3166 599 3226 Mihi
640 3166 774 3227 vero
813 3171 961 3229 nihil
1004 3171 1240 3230 istorum
1282 3174 1490 3250 placet.
1575 3175 1693 3232 Sed
1737 3185 1818 3246 tu,
1857 3175 1954 3250 qui
1998 3186 2129 3231 acta
2171 3173 2418 3231 Caesaris

446 3247 729 3320 defendiS,
750 3249 886 3325 quid
914 3261 1077 3326 potes
1102 3250 1317 3323 dicere,
1342 3271 1445 3310 cur
1475 3253 1587 3310 alia
1608 3253 1903 3320 defendaS,
1930 3253 2042 3310 alia
2063 3272 2178 3310 non
2202 3271 2370 3310 cures
2391 3253 2414 3307 ⁶!

446 3326 559 3384 nisi
590 3327 731 3386 forte
762 3329 846 3386 vis
875 3329 1057 3401 sateri,
1089 3341 1143 3388 te
1180 3331 1375 3388 omnia
1401 3341 1618 3407 quaestu
1646 3342 1763 3402 tuo,
1794 3351 1910 3388 non
1939 3331 2090 3388 illius
2117 3329 2417 3407 dignitate,

446 3407 654 3464 metiri.
734 3406 897 3469 Quid
930 3410 1001 3466 ad
1047 3411 1171 3468 haec
1215 3410 1492 3468 tandem?
1551 3419 1822 3485 exspecto
1849 3411 2005 3467 enim
2031 3409 2420 3484 eloquentiam

346 3481 418 3534 40
448 3493 623 3543 tuam.
705 3485 1159 3545 Disertissimum
1187 3489 1433 3564 cognovi
1456 3507 1622 3546 avum
1653 3499 1848 3546 tuum:
1893 3499 1950 3545 at
1973 3499 2028 3545 te
2055 3488 2228 3546 etiam
2260 3506 2421 3562 aper-

447 3561 649 3619 tiorem
679 3563 739 3619 in
782 3565 1048 3623 dicendo.
1146 3565 1252 3622 Ille
1294 3585 1590 3642 nunquam
1633 3567 1824 3624 nudus
1871 3576 1959 3623 est
2001 3565 2418 3623 concionatus:

448 3647 609 3696 tuum
640 3640 888 3699 hominis
927 3642 1203 3720 simplicis
1241 3655 1446 3720 pectus
1475 3645 1737 3703 vidimus.
1823 3645 2303 3720 Respondebisne
2347 3645 2420 3700 ad

449 3716 615 3775 haec'l
659 3727 757 3774 aut
782 3721 1018 3779 omnino
1040 3723 1263 3779 hiscere
1294 3724 1572 3780 audebis?
1654 3722 1881 3799 Ecquid
1909 3722 2179 3798 reperieS,
2203 3741 2274 3779 ex
2301 3732 2420 3779 tam

446 3793 622 3870 longa
647 3795 903 3884 oration-e
932 3798 1083 3869 mea,
1113 3798 1209 3856 cui
1236 3809 1293 3857 te
1333 3801 1680 3876 respondere
1727 3820 1893 3876 posse
1921 3801 2221 3859 confidas?
2303 3800 2422 3858 Sed

348 3878 419 3931 45
451 3882 738 3945 praeterlta
761 3882 1106 3932 omittamus.
