2698 4492
304 340 387 399 98
634 346 639 351 ’
862 344 1136 395 ORATIO
1179 344 1319 395 PRO
1363 343 1646 393 ARCHIA
1689 343 1945 393 POETA.
1997 396 2002 411 Ι

410 495 666 561 cuperet,
708 495 772 544 ut
824 486 1001 545 etiam
1053 488 1339 545 Cordubae
1393 486 1546 545 natis
1597 486 1801 564 poetis,
1841 486 2059 563 pingue
2111 487 2388 563 quiddam

410 565 747 621 sonantibus
776 576 945 641 atque
970 567 1360 643 peregrinum,
1387 576 1580 624 tamen
1611 584 1778 623 aures
1805 585 1938 623 suas
1965 567 2216 624 dederet.

488 642 601 700 XI.
672 642 880 719 Neque
920 645 1077 702 enim
1116 656 1203 702 est
1243 646 1352 702 hoc
1388 645 1886 715 dissimulandum,
1915 646 2064 720 quod
2091 646 2388 703 obscurari

410 739 524 778 non
550 731 754 797 potest,
784 724 886 781 sed
924 742 1040 800 prae
1080 724 1246 781 nobis
1287 724 1626 781 ferendum:
1667 723 1947 781 trahimur
1973 742 2174 781 omnes
2200 724 2390 781 laudis

338 802 375 854 5
412 799 631 869 studio;
674 810 732 858 et
756 801 1004 877 optimus
1029 802 1271 877 quisque
1310 801 1560 859 maxime
1602 802 1784 878 gloria
1811 802 2060 861 ducitur.
2144 802 2261 880 Ipsi
2305 804 2387 860 illi

409 877 747 955 philosophi,
788 881 965 937 etiam
1006 880 1119 938 illis
1159 881 1389 951 libellis,
1431 900 1573 955 quos
1612 881 1687 937 de
1727 882 2150 939 contemnenda
2204 882 2387 965 gloria

411 958 690 1029 scribunt,
731 978 941 1017 nomen
980 978 1150 1016 suum
1191 960 1549 1017 inscribunt:
1606 958 1666 1017 in
1706 977 1778 1017 eo
1817 959 1956 1035 ipso,
1997 958 2058 1016 in
2100 978 2212 1033 quo
2249 980 2388 1036 prae-

412 1036 762 1094 dicationem
821 1038 1290 1113 nobilitatemque
1344 1038 1690 1113 despiciunt,
1731 1038 2032 1114 praedicari
2079 1039 2151 1096 de
2191 1057 2273 1107 se,
2317 1058 2388 1096 ac

412 1115 696 1173 nominari
737 1116 947 1175 volunt.
1030 1116 1311 1174 Decimus
1349 1117 1581 1191 quidem
1624 1115 1855 1186 Brutus,
1883 1135 2142 1173 summus
2179 1117 2275 1174 ille
2302 1118 2387 1175 vir

311 1190 377 1243 10
414 1203 471 1250 et
500 1194 823 1269 imperator,
853 1195 1022 1265 Attii,
1054 1195 1387 1252 amicissimi
1415 1194 1524 1266 sui,
1555 1195 1908 1251 carminibus
1948 1196 2287 1271 templorum
2317 1214 2387 1252 ac

414 1284 907 1330 monumentorum
938 1274 1127 1329 aditus
1154 1274 1446 1330 exornavit
1485 1292 1734 1331 suorum.
1817 1273 1854 1330 J
1859 1292 1960 1329 am-
1977 1274 2112 1331 vero
2143 1274 2258 1343 ille,
2287 1274 2386 1349 qui

414 1367 549 1405 cum
592 1349 819 1420 AEtolis,
864 1351 1055 1408 Ennio
1094 1352 1325 1421 comite,
1367 1351 1620 1423 bellavit,
1651 1352 1909 1422 Fulvius,
1951 1372 2065 1409 non
2106 1351 2388 1409 dubitavit

414 1426 621 1483 Martis
675 1428 977 1485 manubias
1029 1429 1217 1486 Musis
1270 1449 1627 1487 consecrare.
1709 1430 1934 1505 Quare,
1977 1430 2036 1487 in
2077 1431 2190 1505 qua
2244 1431 2388 1488 urbe

414 1504 783 1582 imperatores
820 1506 993 1583 prope
1039 1508 1241 1565 armati
1280 1514 1581 1585 poetarum
1622 1528 1829 1567 nomen
1863 1520 1922 1566 et
1962 1507 2262 1565 Musarum
2291 1510 2388 1565 de-

312 1586 379 1641 15
413 1583 579 1641 lubra
618 1585 938 1656 coluerunt,
969 1586 1028 1644 in
1056 1586 1127 1644 ea
1154 1607 1269 1645 non
1297 1588 1510 1644 debent
1548 1587 1729 1664 togati
1764 1587 1994 1664 judices
2021 1606 2056 1645 a
2084 1587 2385 1645 Musarum

414 1663 627 1722 honore
654 1674 712 1721 et
741 1684 775 1721 a
798 1669 1098 1741 poetarum
1128 1666 1311 1723 salute
1340 1667 1663 1723 abhorrere.

492 1743 707 1818 Atque,
736 1754 800 1801 ut
828 1744 884 1801 id
912 1742 1187 1801 libentius
1216 1744 1462 1815 faciatiS,
1485 1744 1605 1819 Jam
1645 1763 1739 1802 me
1763 1744 1942 1816 vobis,
1966 1744 2212 1821 judices,
2243 1743 2388 1801 indi-

415 1822 592 1892 cabo;
635 1833 693 1881 et
719 1824 793 1880 de
821 1842 963 1887 meo,
989 1824 1235 1898 quodam
1278 1842 1469 1880 amore
1509 1824 1723 1899 gloriae,
1752 1824 1925 1881 nimis
1967 1824 2086 1881 acri
2129 1823 2385 1893 sortasse,

415 1912 788 1959 veruntamen
817 1902 1072 1972 honesto,
1102 1901 1262 1959 vobis
1289 1901 1620 1959 confitebor.
1703 1900 1878 1972 Nam,
1907 1920 2050 1977 quas
2077 1921 2168 1959 res
2193 1920 2298 1959 nos
2327 1902 2387 1958 in

216 2052 227 2067 ¹
308 1982 381 2037 20
417 1979 717 2037 consulatu
744 1990 935 2039 nostro
961 1980 1255 2037 vobiscum
1283 1980 1473 2050 simul,
1501 1999 1602 2055 pro
1628 1979 1810 2037 salute
1838 1980 2006 2057 hujus
2032 1980 2190 2037 urbis
2219 1990 2388 2056 atque

417 2058 661 2133 imperii,
690 2068 748 2115 et
774 2078 876 2134 pro
900 2058 1016 2115 vita
1057 2057 1292 2128 civium,
1318 2077 1533 2134 proque
1574 2058 1840 2115 universa
1879 2058 2174 2136 republica
2214 2058 2388 2136 gessi-

417 2154 565 2206 muS,
610 2136 797 2213 attigit
837 2137 935 2194 hic
975 2136 1252 2207 versibus,
1296 2146 1466 2210 atque
1508 2136 1833 2195 inchoavit:
1894 2138 2103 2212 quibus
2137 2137 2413 2207 'auditi5,‚

416 2213 571 2291 quod
598 2215 741 2274 mihi
769 2234 980 2294 magna
1006 2234 1098 2275 res
1126 2224 1184 2273 et
1219 2215 1480 2292 jucunda
1506 2215 1629 2274 visa
1667 2226 1773 2288 est,
1804 2217 1960 2274 hunc
1991 2216 2063 2274 ad
2089 2216 2387 2294 perficien-

415 2296 556 2354 dum
595 2297 852 2354 hortatus
891 2313 1035 2353 sum.
1121 2294 1359 2352 Nullam
1406 2295 1562 2352 enim
1601 2295 1780 2352 virtus
1835 2296 2006 2352 aliam
2059 2296 2384 2353 mercedem

309 2377 382 2429 25
415 2375 675 2432 laborum
727 2375 1226 2453 periculorumque
1271 2374 1582 2446 desiderat,
1628 2385 1832 2451 praeter
1886 2375 2039 2433 hanc
2090 2375 2278 2432 laudis
2329 2382 2387 2430 et

415 2454 611 2531 gloriae
634 2474 661 2512 ε·
690 2455 805 2529 qua
832 2453 1064 2529 quidem
1092 2453 1374 2523 detracta,
1398 2453 1644 2528 judices„
1672 2453 1808 2529 quid
1851 2464 1956 2524 est,
1985 2453 2134 2528 quod
2176 2453 2234 2511 in
2277 2453 2386 2510 hoc

416 2543 535 2590 tam
574 2533 783 2610 exiguo
821 2533 951 2591 vitae
992 2532 1300 2603 curriculo,
1328 2542 1389 2588 et
1413 2542 1531 2589 tam
1559 2532 1737 2603 brevi,
1766 2533 1941 2589 tantis
1967 2552 2070 2590 nos
2098 2531 2156 2589 in
2183 2531 2387 2589 labori-

416 2613 525 2669 bus
550 2631 923 2670 exerceamus
944 2613 968 2668 'l

495 2688 691 2760 Certe,
721 2690 769 2748 si
808 2690 952 2748 nihil
996 2689 1221 2746 animus
1259 2689 1615 2764 praesentiret
1643 2689 1702 2747 in
1728 2699 2034 2766 posterum,
2065 2699 2140 2760 et,
2170 2688 2237 2759 si,
2266 2687 2387 2763 qui-

310 2771 382 2826 30
415 2769 524 2825 bus
582 2767 911 2844 regionibus
967 2767 1095 2824 vitoe
1152 2767 1397 2842 spatium
1458 2767 1957 2844 circumscriptum
2012 2777 2120 2838 est,
2168 2768 2385 2825 eisdem

415 2866 614 2904 omnes
653 2846 1030 2922 cogitationes
1068 2844 1403 2901 terminaret
1443 2864 1612 2915 suas;
1655 2865 1767 2904 nec
1807 2847 1981 2903 tantis
2007 2866 2069 2904 se
2096 2846 2388 2904 laboribus

418 2924 724 3001 frangeret,
753 2941 940 2998 neque
979 2932 1062 2981 tot
1102 2922 1257 2980 curis
1284 2920 1608 2998 vigiliisque
1651 2935 1975 3002 angeretur,
2005 2943 2192 2999 neque
2220 2925 2388 2981 toties

416 3005 490 3061 de
529 3003 646 3061 vita
707 3002 829 3078 ipsa
889 3001 1207 3059 dimicaret.
1290 3000 1351 3057 N
1356 3020 1471 3059 unc
1525 3003 1735 3060 insidet
1773 3004 2037 3078 quaedam
2078 3003 2138 3060 in
2176 3003 2388 3078 optimo

416 3101 643 3158 quoque
670 3081 865 3151 virtUS,
884 3099 1009 3155 quae
1038 3089 1236 3138 noctes
1262 3092 1320 3137 et
1340 3081 1466 3138 dies
1487 3081 1742 3138 animum
1769 3081 1962 3158 gloriae
1991 3081 2235 3138 stimulis
2256 3084 2390 3138 con-

310 3169 381 3223 35
418 3163 576 3232 citat,
608 3172 777 3236 atque
806 3158 1092 3230 admonet,
1112 3178 1225 3216 non
1248 3177 1382 3216 cum
1405 3159 1533 3216 vitae
1553 3170 1806 3236 tempore
1834 3179 1960 3218 esse
1988 3160 2387 3217 dimittendam

398 3238 1016 3302 commemorationem
1056 3236 1303 3296 nominis
1343 3239 1542 3310 nostri,
1571 3239 1674 3296 sed
1715 3257 1849 3296 cum
1877 3238 2033 3296 omni
2059 3239 2390 3314 posteritate

418 3320 848 3395 adaequandam.

493 3399 637 3457 XII.
702 3399 799 3456 An
840 3395 975 3456 vero
1016 3405 1135 3454 tam
1172 3395 1333 3471 parvi
1363 3395 1542 3454 animi
1567 3395 1864 3453 videamur
1891 3415 2017 3453 esse
2043 3413 2263 3464 omneS,
2291 3393 2391 3469 qui

418 3478 477 3536 in
506 3477 820 3554 republica,
851 3487 1021 3552 atque
1062 3475 1122 3533 in
1163 3474 1253 3532 his
1293 3475 1423 3532 vitae
1463 3473 1735 3551 periculis
1774 3474 2178 3547 laboribusque
2206 3491 2393 3530 versa·

311 3565 381 3618 40
417 3575 563 3626 mur,
583 3566 665 3626 ut,
684 3554 840 3626 cum,
860 3575 1041 3630 usque
1060 3554 1132 3610 ad
1152 3563 1471 3611 extremum
1493 3553 1758 3628 spatium,
1778 3553 1998 3609 nullum
2019 3551 2392 3625 tranquillum

418 3645 588 3708 atque
625 3634 869 3691 otiosum
911 3633 1169 3709 spiritum
1212 3631 1562 3701 duxerimus,
1592 3631 1890 3688 nobiscum
1919 3631 2087 3688 simul
2117 3630 2402 3686 moritura.

414 3712 611 3770 omnia
671 3711 1055 3769 arbitremur?
1136 3712 1255 3780 An,
1311 3708 1448 3766 cum
1514 3719 1733 3766 statuas
1792 3720 1850 3767 et
1911 3709 2213 3785 imagineS,
2275 3726 2389 3765 non

419 3789 738 3849 animorum
790 3788 1119 3856 simulacra,
1160 3790 1263 3846 sed
1319 3806 1639 3864 corporum,
1680 3786 1934 3846 studiose
1976 3785 2142 3845 multi
2182 3784 2394 3842 summi
