2698 4492
357 282 440 342 36
895 277 1167 328 omme
1211 276 1303 327 ιν.
1347 275 1425 326 m
1469 275 1531 326 ι..
1567 276 1991 327 οΑΤιιιΝΑΜ.

456 421 883 498 circumspicite
921 440 1122 480 omnes
1169 419 1468 497 procellas,
1508 439 1643 511 ‘quae
1691 419 2042 496 impendent,
2084 417 2196 476 nisi
2249 421 2431 496 provi-

455 501 620 558 detis.
701 499 838 559 Non
880 500 979 558 Ti.
1009 500 1330 570 GracchuS,
1360 499 1459 575 qui
1506 499 1713 564 iterum
1758 498 2023 556 tribunus
2066 497 2251 578 plebis
2303 499 2428 557 lieri

456 579 664 650 voluit3
725 599 840 637 non
880 578 951 636 C.
997 579 1322 649 Gracchus,
1376 577 1475 653 qui
1530 577 1784 654 agrarios
1836 577 2131 635 concitare
2187 587 2429 634 conatus

456 668 574 727 est;
637 677 751 716 non
818 657 884 715 L.
943 657 1308 727 Saturninus,
1363 656 1462 731 qui
1528 657 1597 714 C.
1653 655 1996 714 Memmium
2062 655 2297 726 occidit,
2364 656 2423 713 in

390 739 427 792 5
456 735 766 794 discrimen
796 736 1043 810 aliquod,
1075 745 1245 809 atque
1273 735 1334 792 in
1362 745 1560 791 vestrae
1582 733 1901 792 severitatis
1922 732 2226 810 judicium,
2250 701 2427 790 a’ddu-

455 814 622 872 citur.
707 815 1052 872 Tenentur
1039 813 1098 884 ii,
1127 813 1245 888 qui,
1269 813 1342 870 ad
1369 812 1543 870 Urbis
1570 812 1924 883 incendium,
1949 811 2021 868 ad
2041 820 2286 868 vestram
2306 831 2427 869 om-

453 891 614 949 nium
642 892 881 963 caedem,
912 892 983 948 ad
1011 891 1325 949 Catilinam
1371 891 1793 967 accipiendum,
1822 891 2028 948 Romae
2074 890 2420 948 restiterunt.

453 969 756 1029 Tenentur
804 971 1003 1041 literae,
1033 970 1217 1047 signa,
1246 987 1472 1040 manus,
1506 969 1754 1044 denique
1800 966 2249 1043 uniuscujusque
2290 988 2429 1025 con-

454 1049 655 1108 fessio:
697 1049 1074 1107 sollicitantur
1102 1048 1475 1125 Allobroges;
1518 1048 1749 1105 servitia
1768 1047 2124 1104 excitantur:
2168 1047 2423 1104 Catilina

357 1126 424 1180 10
453 1129 793 1187 arcessitur:
835 1127 895 1184 id
922 1137 1009 1184 est
1054 1127 1260 1184 initum
1307 1126 1631 1196 consilium,
1661 1134 1743 1196 ut,
1774 1124 2091 1183 interfectis
2134 1125 2420 1195 omnibus,

451 1225 641 1276 nemo,
669 1226 743 1263 ne
773 1207 845 1263 ad
873 1205 1284 1292 deplorandum
1325 1205 1557 1277 quidem
1601 1203 1930 1279 reipublicae
1978 1221 2207 1272 nomen,
2251 1213 2422 1277 atque·

454 1284 527 1339 ad
554 1284 981 1341 lamentandam
1009 1282 1153 1339 tanti
1181 1282 1403 1358 imperii
1434 1281 1842 1370 calamitatem,
1870 1247 2241 1354 relinquatur.

531 1360 646 1418 III.
691 1361 839 1418 Haec
865 1360 1060 1417 omnia
1087 1359 1310 1416 indices
1337 1360 1683 1430 detulerunt,
1712 1359 1796 1417 rei
1825 1359 2073 1416 confessi
2113 1369 2280 1428 sunt3
2322 1378 2422 1416 vos

451 1439 646 1495 multis
680 1438 798 1514 jam
834 1438 1069 1514 judiciis
1116 1437 1452 1522 judicastis:
1506 1436 1775 1513 primum,
1818 1435 1971 1512 quod
2012 1437 2153 1494 mihi
2207 1437 2421 1513 gratias

357 1527 424 1580 15
454 1517 650 1592 egistis
677 1516 1063 1592 singularibus
1093 1512 1308 1587 verbis3
1352 1525 1429 1588 et,
1458 1515 1589 1573 mea
1636 1516 1843 1573 virtute
1886 1525 2055 1588 atque
2096 1514 2418 1591 diligentia,

449 1595 798 1671 perditorum
827 1595 1125 1652 hominum
1146 1595 1494 1670 patefactam
1522 1613 1647 1652 esse
1669 1594 2119 1670 conjurationem
2141 1561 2422 1650 decrevis:

451 1673 556 1743 tis3
599 1674 827 1744 deinde,
857 1671 1010 1747 quod
1037 1673 1101 1730 P.
1132 1673 1463 1744 Lentulum,
1492 1682 1555 1729 ut
1582 1692 1644 1730 se
1675 1673 1969 1731 abdicaret
1992 1671 2260 1748 praetura,
2290 1677 2423 1730 coe-

450 1752 644 1828 gistis;
701 1761 824 1808 tum
865 1748 1020 1826 quod
1060 1762 1213 1822 eum,
1242 1761 1300 1808 et
1341 1761 1597 1822 caeteros,
1642 1752 1714 1808 de
1753 1750 1959 1845 quibus
1994 1749 2317 1825 judicastiS,
2358 1750 2420 1808 in

451 1830 771 1888 custodiam
799 1831 1017 1887 dandos
1045 1830 1381 1900 censuistis3
1425 1828 1809 1918 maximeque,
1838 1826 1994 1902 quod
2034 1846 2163 1884 meo
2187 1829 2421 1886 nomine

350 1915 422 1968 20
451 1908 923 1984 supplicationem
951 1909 1316 1978 decrevistis3
1360 1908 1457 1982 qui
1486 1909 1663 1965 honos
1690 1917 1882 1982 togato
1909 1907 2139 1963 habitus
2168 1915 2299 1963 ante
2326 1925 2421 1964 me

451 1996 538 2043 est
564 1985 816 2043 nemini.
856 1983 1163 2062 postremo,
1193 1987 1461 2043 hesterno
1487 1986 1582 2042 die
1626 1985 1862 2062 proemia
1907 1985 2113 2060 legatis
2162 1984 2420 2042 Allobro-

450 2082 608 2153 gum,
656 2063 908 2138 Titoque
955 2063 1279 2135 Vulturcio‚
1327 2063 1566 2121 dedistis
1620 2063 1983 2139 amplissima.
2090 2047 2282 2124 Quae
2286 2072 2423 2120 sunt

382 2167 402 2182 =
447 2142 642 2199 omnia
668 2141 966 2218 ejusmodi,
994 2151 1059 2199 ut
1085 2141 1148 2213 ii,
1175 2142 1273 2216 qui
1303 2142 1363 2199 in
1392 2142 1709 2200 custodiam
1738 2140 2077 2200 nominafim
2118 2139 2237 2200 dati
2264 2150 2419 2213 sunt,

445 2220 574 2279 sine
600 2220 719 2278 ulla
746 2220 1101 2279 dubitatione
1130 2239 1163 2279 a
1190 2220 1348 2279 vobis
1376 2220 1632 2278 damnati
1659 2238 1785 2278 esse
1812 2219 2127 2277 videantur.

348 2304 421 2357 25
529 2299 647 2357 Sed
673 2319 783 2377 ego
808 2299 1029 2358 institui
1056 2299 1269 2358 referre
1297 2300 1370 2357 ad
1397 2319 1514 2371 vos,
1543 2299 1744 2356 Patres
1770 2298 2114 2374 Conscripti,
2143 2308 2418 2373 tanquam

447 2377 754 2455 integrum,
783 2388 842 2437 et
869 2378 940 2436 de
969 2378 1140 2450 facto,
1170 2378 1307 2454 quid
1347 2378 1640 2454 judicetis,
1669 2388 1728 2435 et
1773 2377 1847 2435 de
1891 2376 2081 2453 poena,
2110 2378 2249 2453 quid
2284 2396 2419 2435 cen-

446 2457 635 2515 seatis.
718 2424 829 2515 I'lla
853 2456 1184 2534 praedicam,
1211 2477 1338 2533 quae
1366 2467 1499 2514 sunt
1526 2455 1793 2514 consulis

524 2535 653 2611 Ego
677 2554 952 2612 magnum
980 2536 1042 2592 in
1068 2535 1366 2625 republica
1413 2534 1626 2593 versari
1673 2534 1941 2605 furorem,
1990 2544 2049 2592 et
2092 2553 2239 2593 nova
2264 2553 2418 2609 quae-

446 2613 579 2669 dam
607 2614 837 2670 misceri
866 2622 924 2671 et
951 2614 1229 2671 concitari
1249 2614 1422 2683 mala,
1445 2612 1784 2701 jampridem
1806 2613 2104 2670 videbam.
2134 2612 2235 2670 sed
2262 2614 2419 2671 hanc

345 2692 418 2747 30
445 2699 684 2761 tantam,
712 2699 832 2747 tam
859 2691 1154 2749 exitiosam
1184 2688 1382 2747 haberi
1423 2691 1873 2765 conjurationem
1922 2710 1957 2747 a
1992 2692 2242 2769 civibus,
2270 2710 2419 2748 nun-

445 2786 618 2842 quam
642 2768 853 2843 putavi.
935 2766 995 2824 N
997 2787 1132 2839 unc
1162 2768 1439 2843 quidquid
1488 2778 1593 2839 est,
1621 2766 1965 2843 quocunque
2010 2780 2211 2827 vestrae
2257 2788 2418 2828 men-

445 2855 533 2903 tes
561 2846 842 2904 inclinant
871 2856 1038 2920 atque
1065 2846 1387 2917 sententiae,
1398 2848 1779 2909 statuendum
1818 2847 1977 2905 vobis
2026 2857 2157 2905 ante
2184 2858 2415 2906 noctem

445 2932 548 2981 est.
629 2924 933 2985 Quantum
964 2925 1189 2982 facinus
1218 2926 1291 2982 ad
1318 2944 1415 2983 vos
1444 2926 1696 2983 delatum
1737 2926 1829 2996 sit,
1857 2926 2078 2983 videtis
2162 2926 2323 2983 Huic
2362 2926 2413 2984 si

443 3020 658 3078 paucos
682 3002 894 3079 putatis
935 3002 1134 3061 affines
1172 3022 1317 3075 esse,
1345 3005 1713 3063 vehementer
1754 3004 1971 3061 erratis.
2054 3003 2258 3062 Latius
2295 3005 2416 3081 opi-

343 3085 417 3140 35
444 3080 616 3139 nione
643 3080 1076 3138 disseminatum
1105 3092 1191 3139 est
1218 3082 1328 3140 hoc
1354 3083 1603 3140 malum:
1645 3084 1917 3153 manavit,
1945 3102 2060 3140 non
2101 3080 2285 3141 solum
2309 3102 2413 3159 per

444 3158 694 3231 Italiam,
722 3178 922 3217 verum
949 3159 1124 3217 etiam
1149 3162 1507 3218 transcendit
1535 3162 1743 3237 Alpes,
1786 3171 1863 3232 et,
1889 3160 2134 3219 obscure
2158 3180 2410 3237 serpenS,

441 3238 693 3296 multas
671 3256 792 3314 Jam
817 3238 1138 3315 provincias
1163 3238 1481 3315 occupavit.
1564 3238 1636 3297 Id
1661 3239 1900 3316 opprimi
1942 3241 2312 3297 sustentando
2341 3259 2413 3298 ac

440 3317 776 3392 prolatando
827 3317 985 3376 nullo
1028 3327 1198 3393 pacto
1240 3327 1441 3393 potest.
1522 3317 1895 3393 Quacunque
1940 3318 2161 3377 ratione
2198 3317 2409 3394 placet,

443 3396 706 3455 celeriter
734 3396 893 3454 vobis
919 3396 1332 3454 vindicandum
1359 3406 1462 3454 est.
2356 3430 2360 3434 -

343 3474 416 3529 40
521 3472 628 3531 IV.
710 3458 900 3533 Video
926 3475 1070 3532 duas
1099 3476 1290 3532 adhuc
1309 3495 1437 3533 esse
1483 3474 1831 3545 sententias3
1873 3493 2050 3532 unam
2096 3473 2170 3532 D.
2202 3474 2410 3547 Silani,

441 3550 541 3625 qui
570 3562 786 3621 censet,
813 3572 930 3623 eos,
959 3553 1078 3628 qui
1084 3555 1210 3610 haec
1237 3553 1430 3613 delere
1470 3554 1661 3611 conati
1702 3564 1853 3625 sunt,
1882 3559 2075 3611 morte
2102 3572 2228 3611 esse
2266 3554 2414 3610 mul-

442 3629 683 3687 tandos:
727 3630 965 3687 alteram
992 3632 1062 3688 C.
1092 3632 1359 3702 Caesaris,
1386 3632 1485 3707 qui
1514 3631 1710 3689 mortis
1734 3651 1962 3707 poenam
2002 3640 2273 3702 removet,
2302 3650 2413 3689 οω-

441 3716 693 3764 terorum
719 3707 1124 3783 suppliciorum
1162 3728 1363 3767 omnes
1403 3709 1745 3767 acerbitates
1787 3709 2163 3785 amplectitur.
2244 3676 2417 3769 I'Jter-

441 3803 573 3861 que,
627 3795 687 3844 et
735 3803 838 3862 pro
889 3784 995 3843 sua
1047 3786 1328 3862 dignitate
1382 3797 1441 3845 et
1489 3806 1593 3862 pro
1643 3806 1835 3845 rerum
1886 3787 2306 3865 magnitudine,
2348 3788 2415 3849 in
