2698 4492
339 289 422 350 24
880 283 1155 334 ORATIO
1197 283 1269 334 11.
1314 283 1391 333 IN
1436 284 1497 333 L.
1542 283 1971 336 CATILINAM.

441 429 534 488 Ex
576 429 688 487 hac
741 427 896 486 enim
937 437 1100 506 parte
1139 427 1321 504 pudor
1372 436 1611 506 pugnat,
1655 427 1818 486 illinc
1867 427 2219 505 petulantia;
2260 427 2401 488 hinc

440 508 740 586 pudicitia,
771 507 933 565 illinc
975 516 1266 582 stuprum3
1309 507 1449 564 hinc
1490 507 1653 578 fides,
1696 507 1858 565 illinc
1902 508 2186 566 fraudatio
2202 528 2217 578 ;
2260 509 2400 566 hinc

440 587 644 664 pietas,
673 586 835 644 illinc
865 585 1056 643 scelus
1071 604 1087 655 ;
1131 585 1270 642 hinc
1312 584 1656 656 constantia,
1686 585 1849 644 illinc
1892 586 2079 656 furor3
2122 587 2263 644 hinc
2301 587 2400 645 ho-

440 675 655 736 nestas,
673 664 834 722 illinc
850 664 1142 740 turpitudo
1156 683 1171 734 3
1192 664 1329 722 hinc
1346 664 1721 735 continentia,
1742 664 1903 722 illinc
1918 663 2124 723 libido:
2149 665 2398 740 denique

376 749 413 803 5
443 744 700 819 aequitas,
745 741 1142 818 temperantia,
1187 741 1477 814 fortitudo,
1518 743 1844 820 prudentia,
1886 743 2125 801 virtutes
2175 763 2396 814 omnes,

441 833 667 879 certant
693 840 827 880 cum
874 820 1195 896 iniquitate,
1225 839 1360 878 cum
1401 820 1651 892 luxuria,
1681 840 1815 878 cum
1861 821 2111 898 ignavia,
2140 841 2277 880 cum
2316 832 2398 880 te-

439 901 724 972 meritate,
753 918 888 958 cum
913 899 1068 957 vitiis
1093 899 1393 958 omnibus:
1434 897 1741 976 postremo,
1770 899 1948 977 copim
1968 919 2103 958 cum
2116 910 2394 978 egestate,

440 979 592 1037 bona
617 980 764 1037 ratio
789 996 924 1036 curn
949 977 1192 1054 perdita,
1220 995 1385 1036 mens
1412 996 1555 1036 sana
1580 996 1715 1036 cum
1758 978 2031 1049 amentia,
2062 979 2211 1036 bona
2238 979 2397 1038 deni-

439 1077 550 1133 que
604 1077 734 1135 spes
775 1075 910 1116 cum
951 1057 1208 1115 omnium
1251 1075 1448 1115 rerum
1489 1057 1903 1132 desperatione,
1948 1057 2223 1134 confligit.
2321 1058 2393 1116 In

343 1139 410 1192 10
440 1137 762 1213 hujusmodi
792 1135 1108 1193 certamine
1153 1153 1224 1192 ac
1263 1135 1483 1210 proelio,
1529 1155 1740 1206 nonne,
1783 1136 1960 1194 etiam
2004 1135 2053 1193 si
2096 1136 2393 1194 hominum

439 1215 630 1272 studia
657 1215 950 1284 deficiant,
968 1213 1069 1271 Dii
1097 1213 1205 1288 ipsi
1233 1212 1585 1270 immortales
1613 1223 1840 1290 cogent,
1862 1214 1935 1272 ab
1961 1214 2052 1272 his
2077 1215 2393 1290 praeclaris-

439 1294 600 1350 simis
627 1292 950 1362 virtutibus,
978 1300 1061 1348 tot
1087 1301 1147 1348 et
1172 1300 1334 1347 tanta
1361 1291 1499 1364 vitia
1526 1292 1825 1367 superari?

517 1370 664 1428 XII.
719 1369 874 1430 Quae
919 1367 1056 1426 cum
1109 1369 1190 1426 ita
1242 1368 1377 1439 sint,
1419 1369 1707 1441 Quirites,
1750 1389 1867 1441 vos,
1910 1371 2393 1445 quemadmodum

445 1447 569 1525 'jam
599 1458 787 1518 antea,
815 1457 1002 1504 vestra
1028 1456 1184 1505 tecta
1210 1447 1486 1505 custodiis
1510 1448 1834 1525 vigiliisque
1862 1449 2187 1507 defendite:
2228 1450 2391 1521 mihi,

343 1535 411 1590 15
439 1537 504 1584 ut
530 1526 694 1598 Urbi,
731 1527 856 1584 sine
897 1535 1086 1584 vestro
1125 1535 1280 1583 motu
1327 1545 1398 1583 ac
1440 1526 1565 1584 sine
1609 1527 1727 1585 ullo
1767 1527 2035 1598 tumultu,
2064 1528 2204 1586 satis
2243 1539 2395 1586 esset

437 1606 709 1683 praesidii,
738 1605 1060 1662 consultum
1091 1623 1161 1662 ac
1201 1605 1489 1681 provisum
1532 1614 1634 1663 est.
1719 1605 1925 1664 Coloni
1967 1625 2169 1665 omnes
2208 1608 2395 1665 muni-

439 1685 708 1760 cipesque
735 1684 927 1754 vestri,
947 1683 1218 1742 certiores
1248 1702 1281 1740 a
1308 1701 1402 1740 me
1433 1683 1571 1741 facti
1590 1685 1663 1742 de
1690 1685 1803 1742 hac
1829 1685 2111 1743 nocturna
2140 1686 2394 1742 excursi-

436 1782 547 1821 one
576 1763 863 1833 Catilinae,
883 1760 1054 1840 facile
1085 1763 1256 1820 urbes
1285 1782 1419 1820 suas
1446 1762 1703 1838 finesque
1732 1763 2075 1822 defendent:
2116 1763 2389 1840 gladiato-

437 1861 550 1912 reS,
597 1860 771 1918 quam
823 1842 934 1898 sibi
979 1841 1076 1900 ille
1119 1841 1429 1898 maximam
1477 1860 1713 1899 manum
1754 1851 1815 1899 et
1858 1842 2237 1900 certissimam
2271 1843 2391 1901 sore

337 1935 410 1989 20
437 1921 675 1997 putavit,
707 1921 1059 1996 (quanquam
1088 1919 1322 1977 meliore
1352 1919 1545 1977 animo
1575 1929 1727 1991 sunt,
1756 1918 1930 1995 quam
1970 1940 2103 1996 pars
2127 1921 2393 1996 patricio-

437 1998 593 2075 rum)
629 2008 906 2074 potestate
948 2007 1143 2055 tamen
1184 1996 1381 2055 nostra
1425 1998 1887 2056 continebuntur.
1968 1999 2050 2060 Q.
2095 1997 2390 2072 Metellus„

436 2095 608 2152 quem
625 2096 752 2153 ego,
769 2076 1121 2152 prospiciens
1149 2077 1278 2147 hoc,
1297 2076 1360 2133 in
1390 2095 1591 2152 agrum
1609 2077 1977 2135 Gallicanum
1994 2077 2390 2152 Picenumque

434 2155 702 2232 praemisi,
761 2164 860 2212 aut
910 2154 1190 2231 opprimet
1242 2155 1552 2225 hominem,
1612 2164 1710 2212 aut
1761 2175 1959 2213 omnes
2014 2157 2139 2232 ejus
2202 2167 2390 2214 motus

437 2242 787 2310 conatusque
802 2233 1140 2311 prohibebit.
1182 2232 1453 2309 Reliquis
1471 2231 1662 2292 autem
1680 2234 1753 2292 de
1766 2235 1937 2293 rebus
1955 2235 2387 2307 constituendiS,

335 2329 408 2383 25
435 2314 810 2385 maturandis,
841 2313 1100 2391 agendiS„
1113 2312 1232 2389 jam
1263 2314 1334 2371 ad
1364 2322 1626 2371 senatum
1645 2314 1979 2387 referemus,
1996 2334 2168 2390 quem
2196 2315 2387 2373 vocari

435 2393 657 2450 videtiS.

512 2472 693 2530 Nunc
718 2472 862 2543 illos,
891 2470 990 2547 qui
1018 2470 1078 2528 in
1105 2469 1264 2528 Urbe
1279 2480 1697 2541 remanserunt,
1718 2481 1888 2547 atque
1908 2470 2052 2529 adeo
2070 2471 2168 2547 qui
2187 2481 2387 2530 contra

433 2549 606 2607 Urbis
633 2551 875 2609 salutem
901 2550 1272 2625 omniumque
1298 2549 1569 2620 vestrum,
1588 2550 1649 2607 in
1665 2550 1824 2608 Urbe
1854 2570 1887 2607 a
1915 2550 2171 2608 Catilina
2199 2550 2387 2608 relicti

435 2638 586 2699 sunt,
631 2648 957 2704 quanquam
1000 2637 1133 2685 sunt
1176 2628 1387 2697 hosteS,
1432 2637 1646 2698 tamen,
1690 2629 1825 2704 quia
1867 2629 1989 2686 nati
2033 2638 2165 2686 sunt
2208 2628 2383 2700 cives,

334 2710 406 2764 30
435 2707 677 2765 monitos
703 2707 878 2763 etiam
908 2715 1076 2779 atque
1119 2704 1294 2762 etiam
1336 2705 1478 2762 volo.
1561 2704 1701 2763 Mea
1742 2707 1949 2765 lenitas
1993 2707 2184 2764 adhuc
2212 2708 2259 2765 si
2288 2709 2385 2766 cui

435 2785 666 2842 solutior
693 2785 816 2841 visa
842 2792 948 2853 est,
978 2783 1088 2840 hoc
1130 2784 1500 2858 exspectavit,
1528 2793 1592 2840 ut
1635 2784 1715 2855 id,
1744 2786 1894 2859 quod
1937 2785 2171 2857 latebat,
2200 2806 2386 2844 erum-

431 2873 608 2939 peret.
690 2862 870 2923 Quod
897 2861 1179 2936 reliquum
1207 2871 1312 2931 est,
1339 2860 1459 2936 jam
1488 2882 1601 2920 non
1628 2882 1857 2937 possum
1883 2864 2165 2936 oblivisci,
2195 2884 2384 2922 meam
2474 2910 2480 2915 .

435 2941 587 2998 hanc
617 2960 742 2998 esse
769 2941 1032 3016 patriam,
1061 2957 1154 2997 me
1182 2940 1385 2997 horum
1413 2959 1539 2997 esse
1583 2941 1909 3016 consulem3
1951 2943 2093 3000 mihi
2124 2954 2221 3000 aut
2249 2963 2384 3001 cum

325 3081 330 3087 ,
434 3020 524 3077 his
552 3020 877 3090 vivendum,
899 3028 998 3076 aut
1021 3038 1124 3095 pro
1141 3018 1230 3075 his
1257 3038 1383 3075 esse
1411 3019 1785 3077 moriendum.
1868 3021 2080 3078 Nullus
2108 3032 2193 3079 est
2209 3032 2383 3097 portae

333 3088 404 3141 35
434 3108 644 3169 custoS,
673 3097 865 3155 nullus
893 3097 1190 3155 insidiator
1223 3097 1363 3154 viae:
1407 3096 1455 3154 si
1499 3098 1597 3173 qui
1641 3099 1797 3157 exire
1840 3100 2053 3171 volunt,
2084 3101 2383 3159 consulere

432 3176 541 3233 sibi
567 3186 818 3253 possunt.
900 3175 1028 3238 Qui
1055 3174 1285 3233 veroin
1327 3174 1487 3233 Urbe
1530 3195 1593 3233 se
1635 3180 2023 3249 commoverit,
2069 3179 2234 3255 cujus
2274 3200 2383 3256 ego

429 3275 544 3314 non
588 3254 757 3314 modo
804 3255 1040 3325 factum,
1085 3254 1186 3311 sed
1229 3254 1523 3330 inceptum
1566 3255 1747 3312 ullum
1791 3266 2129 3315 conatumve
2184 3267 2384 3316 contra

427 3335 691 3410 patriam,
737 3334 1165 3411 deprehendero
1179 3352 1194 3403 ;
1254 3334 1464 3391 sentiet
1506 3333 1568 3392 in
1610 3334 1722 3392 hac
1764 3336 1905 3393 urbe
1948 3353 2075 3394 esse
2118 3338 2382 3395 consules

430 3414 749 3490 vigilanteS,
794 3433 920 3471 esse
962 3412 1225 3490 egregios
1265 3413 1655 3490 magistratus,
1684 3433 1813 3471 esse
1855 3414 2056 3472 fortem
2097 3425 2379 3485 senatum,

331 3500 402 3555 4ο
429 3510 556 3549 esse
610 3511 787 3563 arma,
831 3512 957 3551 esse
1001 3510 1316 3563 carcerem,
1362 3511 1534 3567 quem
1576 3492 1865 3550 vindicem
1918 3493 2265 3553 nefariorum
2310 3512 2381 3551 ac

428 3570 861 3627 manifestorum
889 3570 1171 3627 scelerum
1202 3570 1443 3646 majores
1470 3571 1645 3628 nostri
1675 3590 1801 3628 esse
1827 3570 2142 3629 voluerunt.

507 3646 686 3705 XIII.
745 3649 939 3726 Atque
983 3649 1109 3706 haec
1149 3649 1343 3706 omnia
1388 3650 1474 3706 sic
1529 3657 1789 3724 agentur,
1830 3648 2115 3720 Quirites,
2169 3658 2234 3707 ut
2287 3668 2381 3707 res

428 3725 693 3783 maximae
721 3725 964 3783 minimo
994 3736 1172 3796 motu,
1199 3726 1459 3801 pericula
1501 3742 1726 3783 summa
1767 3726 1925 3786 nullo
1964 3728 2233 3799 tumultu,
2264 3728 2382 3786 bel-

427 3804 546 3862 lum
593 3803 926 3862 intestinum
973 3822 1043 3861 ac
1085 3804 1485 3875 domesticum,
1527 3814 1652 3881 post
1694 3804 1989 3863 hominum
2044 3806 2377 3865 memoriam
