2698 4492
329 270 412 332 48
868 272 1143 324 ORATIO
1187 274 1327 325 PRO
1371 273 1565 324 LEGE
1608 273 1939 324 MANILlA.

433 425 758 472 concidant.
838 415 1044 477 Quare
1083 416 1291 486 videte,
1319 434 1461 474 num
1500 417 1879 475 dubitandum
1920 417 2080 475 vobis
2120 418 2213 488 sit,
2240 419 2397 483 omni

432 494 622 552 studio
649 495 721 550 ad
749 494 807 551 id
837 495 1047 552 bellum
1077 495 1429 566 incumbere,
1460 496 1517 552 in
1560 515 1673 570 quo
1713 496 1896 572 gloria
1930 497 2178 553 nominis
2205 499 2395 568 vestri,

431 572 586 629 salus
624 573 928 643 sociorum,
956 573 1262 649 vectigalia
1299 573 1570 645 maxima,
1608 574 1845 632 fortunae
1884 574 2255 650 plurimorum
2282 577 2399 633 civ-

431 649 572 720 ium,
601 669 735 706 cum
763 652 1057 727 republica
1084 650 1481 709 defendantur.

360 737 397 789 5
508 727 682 785 VIII.
749 728 1046 790 Quoniam
1086 730 1160 786 de
1199 748 1412 806 genere
1453 729 1587 788 belli
1627 729 1766 801 dixi,
1802 749 1961 788 nunc
2000 730 2075 788 de
2114 731 2399 807 magnitu-

429 806 563 864 dine
588 826 778 883 pauca
803 807 1012 866 dicam.
1079 808 1272 866 Potest
1291 809 1447 866 enim
1468 809 1578 866 hoc
1596 809 1715 866 dici
1740 828 1753 866 ε
1796 809 1931 866 belli
1952 827 2135 885 genus
2162 829 2287 867 esse
2316 810 2397 868 ita

427 885 837 957 necessarium,
861 895 924 944 ut
943 887 1016 944 sit
1036 887 1373 964 gerendum,
1394 905 1507 945 non
1528 906 1655 944 esse
1676 887 1757 944 ita
1775 905 2068 963 magnum,
2098 897 2161 944 ut
2181 889 2251 944 sit
2271 908 2398 965 per-

427 963 864 1022 timescendum.
932 965 1004 1022 In
1032 984 1146 1039 quo
1171 964 1419 1022 maxime
1448 965 1823 1023 laborandum
1844 976 1949 1038 est,
1973 985 2047 1022 ne
2074 965 2217 1023 forte
2249 985 2282 1022 a
2304 986 2397 1024 vo-

427 1042 535 1113 bis,
583 1062 710 1118 quae
749 1042 1185 1120 diligentissime
1227 1044 1576 1120 providenda
1614 1054 1766 1115 sunt,
1808 1045 2229 1102 contemnenda
2268 1063 2397 1102 esse

326 1126 396 1180 10
427 1121 742 1180 videantur.

505 1200 720 1273 Atque,
762 1209 826 1257 ut
863 1219 1064 1258 omnes
1104 1198 1447 1274 intelligant,
1487 1218 1581 1256 me
1634 1199 1701 1257 L.
1744 1198 1990 1257 Lucullo
2028 1209 2250 1256 tantum
2294 1201 2397 1258 im-

425 1278 620 1352 pertiri
649 1278 855 1347 laudm,
885 1288 1160 1351 quantum
1203 1278 1330 1334 sorti
1359 1278 1498 1348 viro,
1527 1288 1583 1334 et
1624 1279 2043 1354 sapientissimo
2071 1279 2306 1349 homini,
2336 1290 2395 1336 et

425 1373 636 1430 magno
676 1355 1020 1430 imperatori,
1061 1355 1336 1413 debeatur
1354 1374 1370 1424 ;
1438 1357 1589 1427 dico,
1630 1357 1756 1432 ejus
1810 1357 2076 1427 adventu,
2117 1357 2397 1413 maximas

427 1431 782 1489 Mithridatis
823 1434 1016 1509 copias
1053 1434 1319 1492 omnibus
1370 1434 1543 1492 rebus
1588 1445 1823 1492 ornatas
1846 1445 2046 1508 ‘atque
2088 1435 2397 1492 instructas

327 1522 394 1575 15
429 1509 638 1580 fuisse3
683 1512 995 1585 urbemque
1037 1512 1194 1569 Asiae
1222 1511 1619 1584 clarissimam,
1648 1513 1925 1586 nobisque
1966 1513 2393 1584 amicissimam,

429 1588 876 1664 Cyzicenorum,
903 1591 1193 1648 obsessam
1233 1610 1360 1648 esse
1402 1592 1473 1649 ab
1516 1591 1637 1667 ipso
1674 1609 1811 1667 rege
1851 1591 2101 1646 maxima
2142 1590 2395 1647 multitu-

428 1666 584 1737 dine,
625 1678 684 1724 et
738 1680 1122 1745 oppugnatam
1181 1667 1719 1738 vehementissime3
1787 1687 1959 1742 quam
2007 1669 2072 1726 L.
2115 1669 2395 1726 Lucullus

427 1747 655 1817 virtute,
698 1747 1049 1819 assiduitate,
1092 1748 1348 1820 consilio,
1398 1748 1635 1804 summis
1672 1747 1985 1805 obsidionis
2020 1747 2293 1823 periculis
2331 1748 2397 1804 li-

428 1825 684 1882 beravit:
729 1827 801 1882 ab
828 1827 1029 1883 eodem
1057 1827 1395 1902 imperatore
1424 1827 1666 1884 classem
1706 1844 1975 1901 magnam
2018 1836 2075 1882 et
2112 1836 2394 1896 ornatam,

323 1916 396 1970 20
430 1922 575 1977 quie,
617 1903 862 1961 ducibus
904 1905 1267 1975 SertorianiS,
1307 1906 1379 1961 ad
1421 1903 1650 1961 Italiam
1690 1904 1879 1960 studio
1918 1902 2271 1960 inflammato
2309 1923 2397 1961 ra-

426 1994 676 2057 peretur,
717 1992 1040 2058 superatam
1081 2001 1206 2039 esse
1248 1992 1416 2057 atque
1456 1981 1813 2058 depressam:
1868 2000 2108 2058 magnas
2149 1982 2395 2039 hostium

428 2069 703 2135 praeterea
742 2060 935 2135 copias
974 2061 1168 2117 multis
1207 2060 1421 2135 proeliis
1460 2079 1584 2117 esse
1624 2061 1880 2117 deletas:
1933 2060 2395 2135 patefactumque

429 2137 636 2195 nostris
663 2137 985 2213 legionibus
1011 2158 1137 2195 esse
1178 2138 1444 2209 Pontum,
1473 2139 1571 2213 qui
1613 2137 1745 2196 ante
1786 2139 1991 2214 populo
2031 2138 2297 2195 Romano
2326 2157 2397 2195 ex

427 2216 586 2275 omni
629 2217 785 2274 aditu
814 2216 1044 2276 clausus
1071 2226 1252 2275 esset:
1297 2217 1548 2293 Sinopen
1580 2227 1749 2292 atque
1776 2217 2043 2274 Amisum
2074 2216 2395 2294 (quibusjn

324 2309 398 2363 25
429 2295 649 2373 oppidis
689 2308 852 2354 erant
879 2296 1172 2354 domicilia
1197 2297 1370 2372 regiS,
1398 2296 1663 2355 omnibus
1690 2296 1859 2353 rebus
1886 2304 2087 2353 ornata
2115 2307 2283 2370 atque
2310 2316 2396 2352 re-

431 2375 625 2453 ferta),
655 2386 1004 2451 caeterasque
1031 2377 1202 2433 urbes
1237 2375 1405 2433 Ponti
1434 2385 1493 2432 et
1518 2374 1897 2451 Cappadociae
1924 2373 2252 2449 permultaS,
2282 2394 2398 2432 uno

432 2456 591 2512 aditu
628 2465 798 2529 atque
827 2457 1073 2513 adventu
1101 2474 1226 2512 esse
1255 2464 1484 2530 captas:
1527 2472 1742 2529 regem,
1772 2453 2071 2528 spoliatum
2099 2472 2277 2528 regno
2302 2471 2398 2528 pa-

429 2535 540 2591 trio
580 2546 748 2609 atque
791 2534 958 2605 avito,
1002 2534 1074 2589 ad
1117 2534 1256 2592 alios
1297 2552 1359 2589 se
1399 2552 1566 2608 reges
1608 2543 1776 2605 atque
1824 2531 1965 2587 alias
2023 2541 2225 2606 gentes
2270 2550 2398 2606 sup-

428 2612 638 2687 plicem
681 2612 1026 2675 contulisse:
1071 2622 1239 2685 atque
1282 2611 1407 2667 haec
1449 2611 1661 2680 omnia,
1703 2610 1873 2667 salvis
1911 2610 2099 2686 populi
2142 2609 2397 2666 Romani

325 2697 398 2752 30
431 2691 621 2760 sociis,
651 2699 821 2764 atque
863 2689 1100 2765 integris
1139 2688 1537 2763 vectigalibuS,
1578 2708 1705 2745 esse
1745 2698 1922 2764 gesta.
2005 2688 2161 2744 Satis
2198 2688 2397 2763 opinor

432 2768 542 2824 hoc
582 2786 706 2824 esse
746 2767 964 2836 laudis3
1010 2777 1178 2840 atque
1219 2767 1318 2835 ita,
1345 2766 1631 2836 Quirites,
1660 2775 1729 2823 ut·
1762 2767 1871 2824 hoc
1907 2785 2003 2823 vos
2046 2766 2396 2841 intelligatis,

432 2864 467 2901 a
493 2845 650 2902 nullo
676 2844 932 2915 istorum,
960 2844 1056 2919 qui
1087 2844 1222 2901 huic
1249 2844 1573 2901 obtrectant
1597 2844 1710 2921 legi
1740 2855 1911 2918 atque
1946 2863 2157 2915 causae,
2186 2844 2253 2901 L.
2283 2844 2400 2901 Lu-

432 2924 649 2981 cullum
677 2922 937 2979 similiter
965 2942 1037 2980 ex
1064 2924 1172 2980 hoc
1199 2922 1326 2979 loco
1355 2942 1481 2979 esse
1508 2922 1820 2980 laudatum.

511 3001 620 3058 IX.
690 2999 1042 3075 Requiretur
1084 3002 1320 3059 fortasn
1360 3020 1537 3072 nunc,
1567 3000 2065 3075 quemadmodum,
2095 2998 2231 3056 cum
2272 3000 2400 3057 haec

327 3087 399 3141 35
435 3080 514 3138 ita
552 3080 685 3150 sint,
715 3079 994 3154 reliquum
1033 3080 1210 3155 possit
1247 3100 1375 3137 esse
1415 3098 1687 3155 magnum
1716 3078 1944 3135 bellum.
2029 3078 2398 3153 Cognoscite,

430 3158 728 3221 Quirites:
771 3178 885 3216 non
913 3159 1068 3215 enim
1096 3159 1206 3215 hoc
1234 3158 1359 3215 sine
1388 3158 1564 3215 causa
1593 3157 1769 3231 quaeri
1798 3157 2035 3213 videtur.
2119 3153 2398 3227 Primum,

433 3258 505 3295 ex
544 3257 648 3295 suo
686 3257 866 3314 regno
906 3237 991 3295 sic
1041 3235 1410 3293 Mithridates
1453 3235 1720 3312 profugit,
1762 3245 1826 3291 ut
1864 3254 1935 3291 ex
1976 3235 2176 3291 eodem
2218 3234 2403 3291 Ponto

433 3317 647 3375 Medea
687 3317 786 3374 illa
824 3316 1110 3392 quondam
1148 3314 1466 3392 profugisse
1493 3315 1734 3384 dicitur3
1778 3332 1949 3388 quam
1975 3312 2309 3388 praedicant,
2341 3312 2401 3369 in

434 3397 590 3473 fuga,
621 3396 809 3465 fratris
849 3395 938 3453 sui
979 3394 1236 3452 membra
1263 3394 1322 3452 in
1353 3394 1423 3452 iis
1450 3393 1611 3463 lociS,
1641 3392 1753 3467 qua
1782 3411 1843 3449 se
1869 3410 2076 3467 parens
2100 3409 2404 3466 perseque-

333 3477 402 3531 40
437 3485 608 3546 retur,
651 3475 1032 3549 dissipavisse‚
1072 3483 1138 3530 ut
1188 3492 1385 3531 eorum
1440 3472 1703 3549 collectio
1754 3471 2027 3545 dispersa,
2082 3486 2402 3541 moerorque

434 3554 670 3629 patriuS,
699 3554 1051 3610 celeritatem
1076 3551 1455 3627 persequendi
1484 3551 1813 3617 retardaret,
1884 3549 1986 3605 Sic
2014 3547 2402 3616 Mithridates,

440 3632 684 3707 fugienS,
713 3631 1019 3687 maximam
1041 3631 1154 3686 vim
1177 3631 1302 3687 auri
1325 3640 1493 3703 atque
1517 3628 1755 3704 argenti,
1776 3626 2404 3701 pulcherrimarumque

437 3727 629 3769 rerum
655 3708 931 3777 omnium,
960 3726 1100 3782 quas
1141 3717 1200 3765 et
1241 3726 1274 3764 a
1313 3707 1623 3781 majoribus
1651 3715 1970 3781 acceperat,
2000 3714 2057 3761 et
2084 3704 2223 3779 ipse,
2253 3702 2406 3761 bello

439 3786 729 3863 superiore
754 3805 826 3843 ex
853 3786 971 3842 tota
999 3786 1145 3841 Asia
1173 3786 1442 3861 direptas,
1465 3785 1525 3841 in
1552 3803 1718 3840 suum
1744 3801 1987 3859 regnum
2016 3791 2403 3858 congesserat,

335 3870 405 3924 45
438 3868 497 3926 in
525 3866 708 3925 Ponto
733 3882 961 3924 omnem
989 3864 1234 3941 reliquit.
1320 3862 1471 3920 Hoec
1509 3861 1647 3919 dum
1686 3861 1865 3921 nostri
1907 3860 2185 3938 colligunt
2209 3857 2407 3918 omnia
