2698 4492
740 247 1044 313 ὀιιΑΤιο
1088 262 1187 312 ιιι.
1231 261 1309 310 IN
1348 260 1410 311 L.
1457 261 1886 314 οΑΤιωΝΑΜ.
2337 265 2420 324 33

350 407 728 466 diminutione
750 406 983 477 civium,
1006 416 1065 463 et
1084 405 1299 480 quanta
1320 405 1649 464 calamitate
1669 404 2019 481 reipublicae.
2089 403 2326 462 Dissen-

350 487 425 543 sit
453 485 535 543 M.
566 486 821 576 Lepidus
850 504 885 542 a
912 485 1230 542 clarissimo
1256 495 1315 540 et
1342 485 1648 542 fortissimo
1674 484 1813 555 vir0,
1840 484 1922 545 Q.
1953 483 2200 542 Catulo:
2245 492 2326 540 at-

350 564 481 621 tulit
507 585 621 622 non
648 574 768 620 tam
795 563 973 640 ipsius
1020 561 1285 620 interitus
1326 562 1656 639 reipublicae
1683 562 1926 634 luctum,
1955 560 2130 638 quam
2157 571 2326 620 caete-

351 662 561 700 rorum.

429 723 623 795 Atque
651 721 763 778 illae
792 719 1176 777 dissensiones
1202 727 1366 776 erant
1386 717 1728 794 hujusmodi,
1746 719 2033 790 Quirites,
2055 738 2181 795 quae
2208 738 2324 777 non
2385 724 2422 777 5

352 800 425 856 ad
453 801 779 869 delendam,
800 798 901 855 sed
925 798 998 854 ad
1019 797 1503 867 commutandam,
1522 798 1936 872 rempublicam
1954 799 2322 874 pertinerent.

350 877 487 934 Non
516 878 600 934 illi
627 876 847 934 nullam
888 894 1015 932 esse
1055 874 1489 948 rempublicam,
1522 875 1644 943 sed,
1673 875 1733 930 in
1773 875 1845 932 ea
1883 894 2010 950 quae
2051 885 2220 946 esset,
2261 895 2325 934 se

350 975 478 1012 esse
504 955 826 1030 principes3
870 971 1057 1028 neque
1086 953 1238 1008 hanc
1266 952 1469 1008 urbem
1502 951 1877 1028 conflagrare,
1906 954 2008 1010 sed
2035 972 2097 1010 se
2125 954 2185 1010 in
2205 921 2326 1012 hac

352 1032 497 1088 urbe
550 1030 772 1101 florere,
827 1031 1142 1091 voluerunt.
1225 1031 1422 1104 Atque
1474 1029 1586 1086 illae
1632 1038 1826 1086 tamen
1869 1049 2070 1088 omnes
2111 1031 2327 1088 dissen-

354 1110 561 1180 siones,
592 1128 834 1183 quarum
880 1109 1039 1166 nulla
1084 1107 1324 1165 exitium
1369 1107 1700 1184 reipublicae
1743 1109 2020 1183 quaesivit,
2048 1109 2325 1184 ejusmodi
2357 1113 2424 1166 10

355 1187 603 1258 fuerunt,
634 1197 715 1257 ut,
744 1207 857 1245 non
899 1187 1366 1246 reconciliatione
1413 1186 1754 1257 concordiae,
1785 1186 1904 1245 sed
1934 1186 2326 1245 internecione

353 1265 586 1337 civium,
636 1265 963 1341 dijudicatae
1010 1265 1139 1323 sint.
1208 1264 1294 1323 ’In
1342 1265 1453 1322 hoc
1483 1274 1675 1322 autem
1721 1285 1838 1323 uno
1876 1275 2002 1342 post
2030 1265 2325 1323 hominum

351 1346 687 1402 memoriam
715 1345 963 1401 maximo
990 1343 1500 1418 crudelissimoque
1527 1342 1696 1414 bello,
1725 1344 1894 1418 quale
1923 1344 2138 1402 bellum
2164 1344 2325 1402 nulla

350 1441 603 1497 unquam
632 1423 900 1482 barbaria
926 1442 1061 1480 cum
1088 1422 1195 1479 sua
1222 1432 1396 1498 gente
1422 1422 1618 1498 gessit,
1651 1421 1792 1499 (quo
1818 1423 1879 1480 in
1907 1422 2058 1480 bello
2075 1423 2170 1480 lex
2196 1423 2324 1480 haec

351 1501 459 1558 fuit
488 1521 522 1558 a
548 1501 814 1572 Lentulo,
843 1501 1119 1571 Catilina,
1169 1501 1392 1572 Cassio,
1421 1501 1684 1576 Cethego
1726 1501 2057 1572 constituta,
2104 1510 2168 1558 ut
2205 1519 2324 1559 om·
2353 1501 2421 1553 15

349 1599 473 1650 nes,
502 1580 598 1655 qui
647 1580 804 1636 salva
850 1581 993 1637 urbe
1040 1545 1181 1636 salvi
1227 1599 1354 1637 esse
1399 1589 1648 1655 possent,
1677 1579 1738 1636 in
1786 1579 2034 1636 hostium
2081 1598 2323 1637 numero

350 1658 725 1748 ducerentur)
757 1659 838 1715 ita
864 1677 956 1716 me
985 1657 1158 1735 gessi,
1184 1656 1471 1728 Quirites,
1501 1667 1566 1714 ut
1610 1676 1810 1715 omnes
1857 1658 1999 1715 salvi
2026 1676 2324 1718 conserva·
2343 1659 2400 1724 ‹l-
2479 1691 2481 1694 <

350 1737 591 1793 remini.
632 1746 709 1808 et,
738 1755 873 1794 cum
911 1737 1102 1794 hostes
1146 1736 1319 1793 vestri
1367 1745 1592 1792 tantum
1637 1735 1852 1792 civium
1898 1735 2322 1811 superfuturum

348 1814 663 1890 putassent,
691 1825 967 1890 quantum
996 1814 1234 1872 infinitae
1256 1815 1404 1872 caedi
1423 1813 1742 1884 restitisset,
1764 1823 1989 1871 tantum
2012 1822 2204 1870 autem
2231 1833 2324 1870 ur-

350 1893 457 1964 bis,
486 1903 763 1968 quantum
792 1892 1024 1950 flamma
1048 1893 1209 1952 obire
1236 1913 1353 1952 non
1378 1893 1685 1972 potuisset3
1729 1901 1788 1950 et
1832 1893 2036 1951 urbem
2079 1901 2138 1950 et
2165 1891 2320 1950 cives
2345 1899 2420 1954 20

348 1971 601 2048 integros
628 1972 1056 2049 incolumesque
1084 1972 1319 2031 servavi.

426 2049 538 2108 XI.
577 2050 815 2111 Quibus
838 2071 941 2126 pro
985 2052 1161 2108 tantis
1207 2052 1399 2122 rebuS,
1426 2046 1711 2122 Quirites,
1739 2049 1962 2108 nullum
2007 2068 2118 2126 ego
2157 2067 2194 2107 a
2230 2070 2323 2110 vo-

349 2127 437 2184 bis
461 2130 759 2204 praemium
784 2129 1028 2200 virtutiS,
1056 2130 1320 2187 nullum
1307 2129 1534 2205 insigne
1580 2129 1829 2200 honoriS,
1858 2128 2080 2186 nullum
2121 2146 2322 2186 monu-

348 2216 608 2263 mentum
645 2207 837 2264 1audis
876 2206 1115 2283 postu10,
1167 2217 1548 2284 praeterquam
1590 2207 1769 2287 hujus
1813 2206 1929 2265 diei
1981 2206 2318 2264 memoriam

351 2284 772 2372 sempiternam.
853 2284 926 2341 In
956 2286 1161 2341 animis
1188 2305 1297 2361 ego
1321 2286 1526 2342 vestris
1563 2304 1762 2343 omnes
1800 2285 2116 2359 triumphos
2140 2303 2317 2357 mem,
2345 2288 2416 2343 25

349 2362 545 2419 omnia
570 2371 907 2418 ornamenta
932 2363 1181 2433 honoris,
1209 2372 1584 2419 monumenta
1603 2362 1816 2437 gloriae,
1838 2361 2062 2418 laudis
2047 2361 2318 2437 insignia,

351 2438 524 2496 condi
551 2435 609 2495 et
654 2438 924 2495 collocari
970 2440 1113 2497 volo.
1195 2439 1361 2497 Nihil
1409 2458 1505 2496 me
1549 2449 1773 2496 mutum
1798 2448 1983 2514 potest
2009 2440 2318 2511 delectare,

349 2517 493 2574 nihil
522 2517 785 2587 tacitum,
834 2517 977 2574 nihil
1025 2517 1273 2593 denique
1320 2516 1666 2593 hujusmodi,
1709 2518 1860 2592 quod
1906 2517 2082 2573 etiam
2127 2515 2320 2575 minus

348 2595 509 2672 digni
538 2595 763 2670 assequi
788 2596 1018 2671 possint.
1101 2594 1166 2653 M
1172 2596 1387 2654 emoria
1434 2596 1641 2667 vestra,
1668 2594 1952 2667 Quirites,
1980 2604 2185 2654 nostrae
2227 2616 2319 2654 res

348 2674 591 2745 alentur,
620 2674 977 2731 sermonibus
1024 2685 1305 2747 crescent,
1332 2675 1630 2733 literarum
1675 2674 2060 2732 monumentis
2105 2674 2318 2734 invete-
2341 2672 2413 2727 30

346 2763 576 2811 rascent
604 2762 661 2809 et
688 2753 1235 2811 corroborabuntur:
1277 2754 1635 2829 eandemque
1663 2754 1817 2811 diem
1845 2753 2121 2831 intelligo,
2142 2774 2316 2829 quam

345 2850 509 2907 spero
551 2841 821 2888 aeternam
866 2830 1003 2903 fore,
1033 2842 1092 2890 et
1134 2833 1209 2890 ad
1250 2833 1494 2891 salutem
1535 2833 1728 2905 Urbis,
1757 2841 1816 2889 et
1864 2832 1936 2889 ad
1979 2834 2316 2891 memoriam

346 2909 678 2967 consulatus
705 2908 820 2967 mei
852 2907 1245 2999 [propagatam
1261 2912 1303 2990 z]
1348 2930 1578 2986 unoque
1606 2922 1858 2987 tempore
1885 2910 1946 2967 in
1974 2912 2087 2968 hac
2112 2912 2316 2987 repub-

343 2987 460 3045 lica
487 2988 630 3045 duos
658 2987 812 3045 cives
851 2988 1151 3060 exstitisse,
1194 3008 1434 3063 quorum
1479 2991 1620 3048 alter
1663 2991 1808 3049 fines
1849 2990 2021 3047 vestri
2069 2989 2312 3065 imperii,

345 3085 461 3123 non
488 3076 672 3137 terrae,
696 3067 797 3123 sed
824 3067 974 3137 coeli,
993 3068 1322 3143 regionibus
1348 3068 1714 3139 terminaret,
1761 3068 1902 3126 alter
1929 3067 2227 3144 ejusdem
2213 3086 2316 3161 im·
2340 3062 2411 3115 35

342 3144 487 3220 perii
515 3143 869 3202 domicilium
898 3146 1207 3220 sedemque
1225 3156 1504 3204 dservaret

423 3220 569 3279 XII.
614 3221 750 3292 Sed,
780 3223 1047 3296 quoniam
1076 3244 1275 3282 earum
1313 3244 1526 3295 rerum,
1556 3243 1699 3298 quas
1740 3243 1848 3299 ego
1888 3222 2058 3298 gessi,
2087 3241 2202 3279 non
2230 3230 2316 3278 est

345 3301 548 3357 eadem
578 3299 804 3357 fortuna
832 3310 999 3374 atque
1028 3301 1301 3373 conditio,
1329 3322 1458 3377 quae
1501 3302 1728 3359 illorum
1773 3300 1872 3373 qui
1900 3310 2136 3356 externa
2163 3298 2316 3355 bella

344 3387 677 3467 gesserunt3
709 3375 864 3451 quod
891 3378 1033 3435 mihi
1062 3398 1197 3435 cum
1226 3379 1314 3436 his
1341 3380 1648 3435 vivendum
1676 3378 1750 3433 sit
1755 3395 1929 3449 ,quos
1945 3376 2057 3432 vici
2088 3394 2158 3433 ac
2186 3376 2317 3431 sub-

344 3456 471 3533 egi,
528 3455 621 3513 isti
675 3456 865 3513 hostes
918 3466 1017 3513 aut
1070 3455 1400 3513 interfectos
1455 3465 1552 3512 aut
1602 3474 1897 3530 oppressos
1947 3453 2311 3527 reliquerint,
2341 3460 2410 3513 40

343 3546 596 3593 vestrum
624 3544 729 3604 est,
755 3533 1041 3603 Quirites,
1070 3533 1119 3590 si
1148 3533 1370 3591 caeteris
1411 3552 1516 3589 sua
1555 3533 1710 3589 sacta
1733 3542 1986 3607 prosunt,
2016 3532 2157 3589 mihi
2183 3551 2316 3589 mea

344 3634 419 3672 ne
448 3612 678 3688 quando
702 3611 911 3683 obsint,
956 3611 1269 3687 providere.
1354 3610 1586 3668 Mentes
1631 3610 1785 3667 enim
1818 3610 2112 3669 hominum
2143 3611 2333 3667 auda--

345 3692 705 3750 cissimorum
733 3692 1025 3748 sceleratae
1056 3709 1126 3747 ac
1152 3689 1386 3747 nefariae
1406 3708 1482 3746 ne
1508 3688 1666 3745 vobis
1693 3709 1903 3747 nocere
1929 3697 2177 3764 possent,
2206 3705 2316 3761 ego

343 3769 595 3849 providi:
653 3788 728 3827 ne
768 3768 913 3827 mihi
959 3777 1226 3841 noceant,
1275 3777 1527 3825 vestrum
1570 3776 1675 3840 est,
1717 3768 2030 3844 providere.
2109 3765 2316 3828 Quan-
