2698 4492
362 311 447 372 ω
930 308 1205 360 camo
1250 307 1390 358 rao
1433 307 1510 357 M.
1553 268 1971 358 maenae.

462 450 801 528 tantumque
843 452 1023 524 abest,
1050 461 1117 509 ut
1156 450 1404 526 aliquam
1445 449 1654 508 bonam
1695 449 1940 528 gratiam
1979 447 2122 506 mihi
2161 449 2460 522 quaesisse

466 531 683 601 videar,
712 541 775 588 ut
800 532 1009 588 multas
1054 530 1230 588 etiam
1282 529 1622 600 simultates,
1647 528 1854 606 partim
1889 528 2186 597 obscuras,
2227 527 2458 602 partim

468 619 711 684 apertae,
741 609 1079 686 intelligam,
1106 607 1248 665 mihi
1274 627 1391 666 non
1417 606 1796 678 necessarias,
1823 606 1990 664 vobis
2022 625 2137 663 non
2179 605 2454 676 inutiles,

466 687 802 763 suscepisse.
886 687 1004 744 Sed
1032 706 1141 764 ego
1180 704 1294 757 me,
1342 687 1454 744 hoc
1492 686 1706 744 honore
1744 685 2066 762 praeditum,
2095 683 2274 740 tantis
2315 703 2456 740 ves-

401 769 438 822 5
466 765 569 822 tris
596 764 894 823 beneficiis
920 765 1213 835 affectum,
1240 763 1436 835 statui,
1476 763 1762 835 Quirites,
1790 773 2038 821 vestram
2063 761 2454 831 voluntatem,

467 854 526 901 et
580 843 909 920 reipublicae
962 842 1323 920 dignitatem,
1377 852 1438 900 et
1486 842 1732 900 salutem
1787 840 2212 918 provinciarum
2267 849 2456 914 atque

466 921 771 993 sociorum,
824 921 971 980 meis
1020 921 1289 980 omnibus
1339 920 1655 978 commodis
1693 929 1752 978 et
1809 919 2126 978 rationibus
2169 917 2458 994 praeferre

466 1011 742 1078 oportere.

794 1523 800 1530 ,
1224 1398 1684 1480 ORATIO

708 1611 996 1688 PRO
1086 1611 1226 1688 M.
1313 1611 2199 1688 MARCELLO.

554 1948 603 2007 Ι.
686 1948 1005 2008 Dru-ruam
1066 1946 1299 2018 silentii,
1340 1947 1544 2006 Patres
1583 1946 1930 2025 Conscripti,
1971 1966 2086 2023 quo
2143 1965 2305 2005 eram
2358 1947 2452 2004 his

380 2029 449 2083 10
476 2027 823 2102 temporibus
848 2045 1007 2096 usus,
1035 2045 1149 2084 non
1180 2026 1382 2084 timore
1411 2026 1619 2100 aliquo,
1647 2028 1750 2085 sed
1774 2026 1982 2104 partim
2007 2026 2220 2097 dolore,
2241 2025 2454 2101 partim

476 2104 845 2174 verecundia,
874 2104 1049 2161 finem
1089 2104 1400 2162 hodiernus
1439 2105 1564 2162 dies
1605 2105 1826 2176 attulit3
1888 2105 2156 2180 idemque
2197 2105 2450 2174 initium,

480 2200 607 2259 quae
648 2182 872 2254 vellem,
914 2200 1152 2258 quaeque
1192 2183 1482 2255 sentirem,
1537 2203 1668 2242 meo
1703 2183 1942 2261 pristino
1993 2202 2150 2242 more
2195 2182 2448 2241 dicendi.

480 2262 737 2319 Tantam
764 2261 921 2320 enim
946 2262 1469 2333 mansuetudinem,
1497 2273 1615 2320 tam
1645 2261 1997 2335 inusitatam,
2015 2263 2452 2337 inauditamque

483 2340 871 2412 clementiam,
898 2350 1143 2411 tantum,
1174 2339 1233 2398 in
1262 2341 1486 2397 summa
1513 2351 1811 2418 potestate,
1833 2361 2024 2400 rerum
2050 2341 2308 2400 omnium
2335 2360 2454 2399 mo-

383 2417 455 2473 15
483 2421 641 2491 dum,
669 2429 789 2478 tam
816 2419 1065 2495 denique
1094 2419 1492 2477 incredibilem
1533 2420 1872 2496 sapientiam
1902 2440 1972 2478 ac
1997 2418 2145 2497 pene
2175 2419 2451 2491 divinam,

481 2499 694 2557 tacitus
733 2500 891 2558 nullo
941 2499 1113 2556 modo
1160 2498 1451 2575 praeterire
1490 2516 1738 2574 possum.
1821 2497 1905 2557 M.
1961 2498 2117 2557 enim
2170 2498 2456 2556 Marcello

482 2578 662 2649 vobis,
689 2577 891 2636 Patres
934 2576 1279 2652 Conscripti,
1322 2575 1520 2651 reique
1559 2576 1806 2653 publicae
1833 2577 2077 2649 reddito,
2105 2598 2217 2636 non
2266 2575 2454 2633 solum

484 2655 657 2726 illius,
686 2657 789 2713 sed
814 2674 1003 2713 meam
1033 2655 1208 2712 etiam
1235 2673 1437 2712 vocem
1464 2663 1523 2711 et
1551 2655 1968 2728 auctoritatem,
1990 2667 2048 2713 et
2075 2655 2234 2715 vobis
2259 2654 2318 2713 et
2345 2654 2456 2712 rei-

482 2734 727 2810 publicae
756 2742 1148 2791 conservatam
1180 2751 1249 2790 ac
1276 2732 1597 2790 restitutam
1623 2742 1775 2809 puto.

382 2818 456 2872 20
564 2811 847 2868 Dolebam
874 2810 1049 2882 enim,
1078 2810 1280 2868 Patres
1307 2810 1655 2888 conscripti,
1685 2822 1744 2869 et
1769 2812 2136 2871 vehementer
2177 2813 2452 2889 angebar,

487 2886 623 2948 cum
650 2887 924 2959 viderem,
953 2889 1137 2946 virum
1164 2890 1360 2960 talem,
1390 2889 1449 2947 in
1479 2891 1683 2948 eadem
1724 2889 1902 2947 causa
1945 2890 2003 2948 in
2043 2890 2157 2965 qua
2185 2910 2294 2967 ego
2321 2891 2456 2948 fuis.-

486 2986 628 3038 sem,
650 2985 765 3024 non
784 2964 843 3025 in
860 2967 1063 3025 eadem
1086 2987 1212 3026 esse
1231 2968 1458 3026 fortuna
1482 2989 1496 3025 ι
1524 2987 1635 3027 nec
1655 2967 1798 3025 mihi
1814 2970 2158 3045 persuadere
2176 2980 2452 3045 poteram,

487 3064 598 3104 nec
618 3045 705 3103 fas
724 3064 851 3103 esse
867 3046 1173 3117 ducebam,
1191 3046 1404 3104 versari
1425 3066 1519 3104 me
1537 3047 1810 3105 in‘nostro
1830 3048 2018 3105 veteri
2029 3048 2335 3118 curriculo,
2359 3047 2456 3105 illo

488 3125 694 3183 aemulo
722 3134 891 3199 atque
918 3123 1203 3181 imitatore
1230 3125 1550 3183 studiorum
1578 3144 1649 3183 ac
1687 3125 1948 3184 laborum
1987 3144 2264 3197 meorum,
2291 3125 2456 3201 quasi

384 3206 458 3261 25
487 3206 731 3280 quodam
761 3203 919 3261 socio
946 3220 979 3259 a
1006 3220 1099 3259 me
1138 3213 1198 3260 et
1236 3204 1468 3275 comite,
1496 3204 1786 3264 distracto.
1868 3204 2025 3281 Ergo
2051 3213 2110 3262 et
2136 3204 2279 3261 mihi
2313 3222 2455 3263 meae

484 3284 738 3361 pristinae
780 3281 910 3339 vitae
953 3282 1450 3353 consuetudinem,
1479 3282 1549 3339 C.
1578 3282 1796 3355 Caesar,
1837 3282 2208 3340 interclusam
2263 3279 2459 3359 aperu-

407 3371 412 3376 “
488 3363 615 3434 isti3
658 3372 717 3422 et
744 3361 835 3419 his
859 3359 1147 3431 omnibus,
1178 3360 1252 3419 ad
1279 3358 1429 3417 bene
1459 3361 1533 3418 de
1557 3360 1716 3419 omni
1754 3360 2052 3437 republica
2091 3363 2456 3437 sperandum,

487 3442 651 3517 quasi
677 3440 907 3518 signum
934 3439 1162 3515 aliquod
1202 3437 1497 3496 sustulisti.
1579 3438 1947 3497 Intellectum
1987 3449 2074 3497 est
2113 3438 2288 3509 enim,
2317 3438 2459 3496 mihi

490 3519 722 3592 quidem
750 3519 810 3576 in
838 3518 1051 3589 multis,
1080 3527 1139 3575 et
1164 3514 1414 3575 maxime
1445 3517 1506 3574 in
1533 3536 1626 3575 me
1653 3517 1796 3593 ipso,
1821 3518 1926 3575 sed
1965 3516 2137 3593 paulo
2169 3515 2301 3575 ante
2342 3534 2461 3587 om-

389 3609 461 3661 30
490 3596 679 3667 nibus,
722 3594 857 3653 cum
898 3595 981 3653 M.
1014 3596 1360 3654 Marcellum
1399 3595 1624 3653 senatui
1662 3596 1979 3673 populoque
2019 3597 2288 3654 Romano
2327 3612 2463 3652 con-

491 3673 735 3744 cessisti,
766 3674 1223 3732 commemoratis
1247 3674 1561 3750 praesertim
1601 3674 2030 3746 offensionibuS,
2057 3684 2115 3733 te
2144 3682 2463 3732 auctorita-

490 3762 608 3811 tem
634 3750 805 3827 hujus
820 3750 1055 3824 ordinis,
1073 3752 1526 3829 dignitatemque
1553 3752 1903 3830 reipublicae,
1920 3752 2036 3811 tuis
2054 3752 2144 3811 vel
2171 3750 2464 3810 doloribus

491 3830 581 3889 vel
606 3826 1029 3907 suspicionibus
1056 3831 1356 3889 anteferre.
