2698 4492
842 290 1117 341 ORATIO
1162 290 1237 339 IN
1281 290 1357 341 Μ.
1401 287 1811 339 ANTONIUM.
2299 281 2406 339 151

335 432 511 490 etiam
552 432 924 508 spectionem.
1007 432 1171 502 Esto,
1212 431 1338 502 ¹hoc
1395 429 1656 506 imperite
1679 450 1711 503 :-
1754 448 1868 488 nec
1907 426 2064 487 enim
2105 436 2194 485 est
2235 426 2308 485 ab

337 511 569 569 homine
610 530 901 586 nunquam
952 512 1141 568 sobrio
1187 511 1529 585 postulanda
1569 509 1912 585 prudentia:
1972 507 2072 563 sed
2122 507 2311 563 videte

337 590 769 664 impudentiam.
881 588 1085 647 Multis
1142 586 1276 645 ante
1328 588 1625 645 mensibus
1683 588 1742 645 in
1785 596 1989 645 senatu
2030 586 2195 655 dixit,
2250 602 2312 640 se

337 667 653 725 Dolabellae
696 668 931 725 comitia
973 679 1071 724 aut
1108 667 1529 743 prohibiturum
1570 666 1862 741 auspicii8‚
1893 676 1992 723 aut
2034 664 2091 721 id
2133 664 2317 721 factu-

338 766 463 803 rum
515 766 661 815 esse,
703 748 853 822 quod
912 746 1065 802 fecit.
1172 746 1578 820 Quisquamne
1632 745 1890 802 divinare
1931 752 2135 819 potest,
2177 740 2314 817 quid
2379 742 2416 792 5

340 825 460 880 vitii
502 826 563 881 in
606 825 877 901 auspiciis
906 824 1159 881 futurum
1188 825 1281 893 sit,
1308 824 1422 881 nisi
1450 824 1546 899 qui
1576 824 1824 880 decoelo
1852 840 2076 879 servare
2105 820 2316 877 consti·

338 904 491 959 tuit'l
534 904 684 977 quod
726 923 913 977 neque
942 903 1079 959 licet
1118 902 1367 960 comitiis
1407 921 1506 977 per
1545 901 1736 977 leges;
1777 912 1856 971 et,
1886 901 1935 957 si
1960 900 2088 974 quis
2130 916 2318 955 serva-

340 981 439 1050 vit,
495 1000 639 1037 non·
673 982 883 1037 habitis
924 981 1192 1051 comitiis,
1247 981 1348 1037 sed
1389 980 1720 1055 priusquam
1762 980 2104 1047 habeantur,
2145 976 2319 1033 debet

340 1059 624 1115 nuntiare.
734 1058 954 1116 Verum
998 1059 1293 1134 implicata
1332 1058 1564 1115 inscitia
1615 1056 1972 1134 impudentia
2014 1066 2166 1124 est;'
2207 1072 2320 1110 nec

331 1137 453 1193 ’scit
485 1138 635 1211 quod
668 1130 962 1213 augurem,
992 1157 1103 1195 nec
1134 1138 1273 1195 facit
1292 1136 1450 1212 ‘quod
1493 1136 1824 1212 pudentem,
1853 1134 2042 1191 decet.
2125 1133 2318 1207 Atque
2351 1126 2420 1182 10

340 1234 414 1271 ex
445 1215 537 1271 illo
566 1215 659 1271 die
699 1216 1084 1273 recordamini
1124 1216 1268 1290 ejus„
1299 1234 1479 1290 usque
1522 1216 1594 1273 ad
1637 1214 1778 1272 Idus
1823 1213 2085 1282 Martias,
2115 1230 2322 1269 consu-

340 1293 536 1349 latum.
617 1293 774 1355 Quis
802 1314 1051 1369 unquam
1092 1295 1376 1370 apparitor
1417 1304 1532 1351 tam
1577 1294 1829 1364 humilis,
1859 1302 1978 1350 tam
2021 1290 2320 1366 abjectus?

339 1370 503 1436 Nihil
534 1372 654 1447 ipse
696 1384 946 1447 poterat:
988 1374 1184 1431 omnia
1224 1373 1496 1449 rogabat:
1539 1382 1716 1447 caput
1755 1372 1816 1429 in
1862 1390 2117 1429 aversam
2161 1368 2322 1427 lecti-

340 1469 470 1507 cam
502 1450 781 1523 inserena,
814 1452 1115 1522 beneficia,
1144 1472 1269 1526 quae
1298 1453 1592 1522 venderet,
1625 1470 1660 1508 a
1687 1450 1912 1527 collega
1939 1450 2188 1527 petebat.

419 1528 722 1586 XXXIII.
805 1529 967 1599 Ecce
1006 1530 1321 1588 Dolabellae
1357 1530 1719 1596 comitiorum
1748 1530 1891 1599 dies,
1922 1528 2141 1585 sortitio
2181 1545 2322 1603 prae-
2352 1526 2421 1579 15

340 1607 645 1683 rogativae:
687 1609 955 1683 quiescit.
1040 1610 1472 1666 Renuntiatur:
1516 1618 1689 1665 tacet.
1773 1607 1970 1665 Prima
1998 1606 2201 1664 classis
2229 1624 2324 1661 vo-

342 1697 541 1743 catur:
584 1688 977 1745 renuntiatur:
1034 1688 1247 1745 deinde
1292 1686 1384 1763 (ut
1429 1687 1662 1762 assolet)
1707 1686 2014 1762 suffragia:
2073 1695 2196 1743 tum
2238 1702 2324 1740 se-

342 1765 537 1822 cunda
590 1766 822 1823 classis:
885 1785 1011 1841 quae
1062 1766 1259 1826 omnia
1312 1762 1488 1823 citius
1541 1775 1676 1821 sunt
1729 1764 1902 1834 facta,
1954 1760 2127 1838 quam
2181 1762 2318 1819 dixi.

343 1843 629 1901 Confecto
668 1844 917 1921 negotio,
964 1845 1148 1902 bonus
1199 1864 1381 1921 augur
1432 1842 1705 1921 (Laelium
1734 1843 1987 1920 diceres)
2017 1860 2160 1900 Amo
2215 1859 2320 1897 mn

341 1922 543 1998 inquit.
626 1921 685 1979 Ο
728 1923 1143 1999 impudentiam
1188 1923 1572 1999 singularem!
1654 1922 1819 1983 Quid
1869 1921 2131 1979 videras?
2185 1914 2424 1997 quidm

340 2002 643 2059 senseras?
709 2003 846 2077 quid
902 2003 1201 2061 audieras?
1244 2022 1368 2059 nec
1416 2002 1572 2059 enirn
1627 2011 1684 2058 te
1738 2002 1812 2057 de
1865 2000 2012 2059 coelo
2065 2000 2324 2057 servasse

341 2080 555 2151 dixisti,
600 2100 785 2156 neque
829 2081 998 2139 hodie
1040 2082 1205 2139 dicis
1287 2080 1362 2138 Id
1405 2081 1578 2158 igitur
1617 2080 1852 2139 obvenit
1906 2080 2129 2150 vitium,
2169 2078 2324 2154 quod

342 2169 405 2215 tu
427 2160 545 2232 jam
577 2159 854 2217 Calendis
882 2160 1176 2218 Januariis
1218 2159 1472 2217 futurum
1514 2179 1640 2217 esse
1683 2160 2031 2235 provideras,
2060 2169 2119 2215 et
2159 2154 2322 2215 tanto

345 2233 481 2293 ante
536 2238 896 2312 praedixeras.
1005 2238 1162 2316 Ergo
1228 2239 1520 2318 (hercule)
1577 2238 1811 2315 magna,
1868 2249 1930 2296 ut
1983 2257 2169 2314 spere,
2224 2234 2326 2294 tufi

344 2313 535 2388 potius
574 2313 745 2389 quam
788 2317 1120 2391 reipublicae
1176 2317 1524 2387 calamitate,
1567 2317 1878 2374 ementitus
1917 2335 1982 2372 es
2031 2315 2425 2389 auspiciazffi

344 2392 699 2449 obstrinxisti
752 2394 1023 2468 populum
1089 2395 1426 2451 Romanum
1481 2395 1791 2468 religione¹3
1863 2413 2044 2470 augur
2101 2393 2324 2468 auguri,

346 2470 549 2528 consul
578 2472 824 2541 consuli,
852 2472 1225 2530 obnuntiasti.
1307 2471 1462 2529 Nolo
1501 2473 1685 2547 plura,
1713 2491 1789 2528 ne
1833 2482 1966 2529 acta
2006 2470 2326 2530 Dolabelloe

346 2548 543 2605 videar
585 2549 945 2620 convellere3
987 2571 1113 2624 quae
1156 2569 1396 2608 necesse
1437 2561 1525 2608 est
1578 2550 1886 2625 aliquando
1941 2551 2013 2608 ad
2067 2558 2326 2607 nostrum

347 2627 657 2702 collegium
688 2628 1035 2686 deferantur.

428 2706 546 2763 Sed
626 2707 1009 2782 arrogantiam
1082 2706 1331 2764 hominis
1411 2707 1888 2782 insolentiamque
1969 2707 2323 2784 cognoscite.
2350 2705 2428 2768 3⁰

344 2783 648 2846 Quamdiu
692 2796 753 2842 tu
794 2785 967 2856 voles,
1014 2786 1250 2844 vitiosus
1292 2786 1498 2844 consul
1543 2786 1885 2857 Dolabella3
1942 2806 2156 2858 rursuS,
2187 2785 2326 2844 cum

347 2864 521 2934 voles,
560 2864 731 2920 salvis
774 2863 1047 2940 auspiciis
1088 2860 1358 2922 creatus.¹
1420 2865 1484 2922 Si
1527 2865 1670 2922 nihil
1712 2875 1818 2936 est,
1849 2863 1986 2923 cum
2029 2885 2212 2942 augur
2255 2866 2327 2924 iis

346 2942 535 2999 verbis
575 2943 823 3014 nuntiat,
852 2943 1059 3018 quibus
1106 2955 1185 3022 tu.
1217 2943 1532 3013 nuntiasti3
1576 2943 1851 3002 confitere
1892 2955 1970 3016 te,
1999 2944 2135 3002 cum
2183 2963 2325 3002 Amo

344 3039 456 3081 ma
500 3021 732 3092 dixeris,
762 3022 1013 3079 sobrium
1057 3042 1173 3080 non
1223 3023 1434 3086 fuisse:
1479 3023 1568 3080 sin
1609 3033 1698 3080 est
1738 3023 1928 3098 aliqua
1967 3023 2052 3080 vis
2093 3025 2154 3081 in
2202 3023 2327 3080 istis

348 3099 556 3170 verbis,
584 3119 656 3156 ea
682 3119 807 3175 quae
837 3101 929 3171 sit,
960 3120 1143 3178 augur
1173 3121 1207 3158 a
1234 3101 1458 3177 collega
1486 3101 1730 3176 requirO.
2351 3107 2426 3162 35

431 3177 569 3248 Sed,
599 3197 672 3234 ne
715 3177 880 3249 forte,
922 3199 997 3236 ex
1052 3180 1243 3237 multis
1295 3182 1470 3238 rebus
1523 3181 1700 3256 gestis
1744 3179 1828 3237 M.
1885 3179 2149 3250 Antonii,
2204 3198 2326 3236 rem

350 3274 527 3312 unam
549 3256 991 3330 pulcherrimam
1012 3259 1295 3322 transiliat
1313 3259 1516 3328 oratio,
1541 3258 1612 3315 ad
1641 3258 1988 3333 Lupercalia
2008 3257 2324 3315 veniamus.

430 3333 725 3392 XXXIV.
789 3335 924 3392 Non
948 3337 1290 3408 dissimulat,
1313 3337 1514 3394 Patres
1537 3337 1899 3412 Conscripti:
1946 3345 2180 3411 apparet
2200 3354 2328 3392 esse

352 3422 743 3470 commotum:
792 3416 981 3486 sudat,
1021 3417 1231 3492 pallet:
1274 3415 1574 3491 quidlibet,
1617 3413 1787 3473 modo
1829 3433 1904 3472 ne
1945 3423 2204 3484 nauseet,
2249 3414 2328 3472 sa-

352 3491 489 3562 ciat,
522 3493 674 3567 quod
703 3493 763 3549 in
788 3495 1013 3568 porticu
1057 3493 1324 3564 Minucia
1367 3495 1522 3552 fecit.
1602 3494 1757 3556 Quae
1785 3503 1973 3569 potest
1999 3513 2126 3552 esse
2153 3493 2330 3568 turpi·
2355 3494 2428 3550 40

350 3570 569 3628 tudinis
590 3581 765 3628 tantae
793 3571 1091 3630 defensio?
1174 3573 1364 3648 Cupio
1393 3573 1624 3643 audire;
1669 3584 1732 3631 ut
1753 3572 1998 3644 videam,
2017 3572 2116 3630 ubi
2144 3574 2332 3630 rheto-

346 3650 431 3708 ris
457 3659 619 3707 tanta
647 3651 1021 3722 merceS„ubi
1050 3671 1290 3727 campus
1331 3652 1672 3722 LeontinuS,
1705 3661 1990 3727 appareat.
2077 3652 2332 3710 Sedebat

353 3729 414 3786 in
470 3728 701 3785 Rostris
756 3728 982 3806 collega
1028 3739 1181 3800 tuus,
1226 3731 1474 3788 amictus
1527 3729 1660 3806 toga
1710 3730 2020 3806 purpurea,
2075 3731 2136 3788 in
2189 3729 2332 3788 sella.

354 3807 551 3880 aurea,
581 3817 904 3866 coronatus.
990 3809 1354 3878 Adscendis3
1400 3808 1632 3865 accedis
1661 3809 1730 3865 ad
1775 3808 1972 3866 sellam
1992 3806 2163 3885 3'(ita
2203 3826 2332 3864 eras
