2698 4492
326 314 441 374 156
890 311 1164 361 ORATIO
1208 310 1285 360 IN
1322 310 1400 361 M.
1434 310 1841 361 ANTONIUM.

494 452 555 513 Ο
580 454 917 533 praeclaram
958 454 1116 513 illam
1157 454 1650 532 percursationem
1677 466 1838 513 tuam
1866 474 2066 514 mense
2108 454 2297 533 Aprili
2327 464 2417 515 at-

416 554 529 611 que
586 533 763 605 Maio,
817 542 961 605 tum,
1016 532 1154 592 cum
1229 535 1405 592 etiam
1450 535 1715 611 Capuam
1764 536 2052 592 coloniam
2115 536 2414 593 deducere

420 624 663 672 conatus
702 614 799 671 es!
880 612 1398 675 Quemadmodum
1441 614 1604 672 illinc
1647 614 1876 685 abieris,
1906 614 1991 671 vel
2024 612 2214 690 potius
2251 612 2410 690 pene

416 712 533 749 non
566 692 793 762 abieris,
821 692 1053 749 scimus.
1137 693 1252 750 Cui
1281 702 1344 750 tu
1374 693 1502 751 urbi
1534 692 1833 750 minitaris.
1903 691 2140 751 Utinam
2170 712 2411 764 conere,

350 774 388 827 5
417 781 481 829 ut
506 770 817 847 ,aliquando
853 771 993 828 illud
1022 778 1060 804 “
1084 770 1285 829 Pene”
1314 772 1583 829 tollatur!

497 850 580 906 At
607 848 780 926 quam
811 848 1111 907 nobilitata
1150 862 1239 908 est
1266 860 1369 909 tua
1415 850 1514 907 illa
1541 847 1938 927 pereginatio!
2019 848 2187 911 Quid
2235 866 2411 925 pran-

416 928 641 986 diorum
686 937 1011 1005 apparatus,
1054 929 1192 1004 quid
1244 930 1520 988 furiosam
1569 928 1947 985 vinolentiam
1995 939 2177 999 tuam,
2220 929 2411 1003 profe-

415 1009 585 1065 ram'l
668 1007 805 1065 Tua
833 1008 943 1065 ista
970 1008 1315 1067 detrimenta
1344 1018 1479 1065 sunt
1503 1027 1516 1064 :
1559 1007 1657 1064 illa
1686 1018 1897 1065 nostra.
1983 1008 2209 1083 Agrum
2235 1007 2410 1064 Cam-

414 1104 652 1163 panum,
698 1085 823 1163 (qui
866 1084 1002 1144 cum
1045 1087 1117 1144 de
1160 1087 1541 1164 vectigalibus
1596 1086 1978 1157 eximebatur,
2021 1096 2083 1143 ut
2126 1086 2410 1143 militibus

319 1164 389 1218 10
417 1166 670 1237 daretur,
699 1178 893 1223 tamen
924 1164 1107 1243 infligi
1131 1185 1407 1243 magnum
1435 1165 1768 1241 reipublicae
1798 1164 2004 1221 vulnus
2031 1166 2406 1243 putabamus)

416 1244 574 1301 hunc
602 1254 665 1301 tu
695 1244 1195 1320 compransoribus
1224 1245 1337 1302 tuis
1378 1255 1437 1301 et
1478 1244 1856 1303 collusoribus
1897 1244 2211 1301 dividebas.
2297 1242 2411 1299 Mi-

415 1340 541 1379 mos
570 1323 703 1379 dico
730 1332 789 1379 et
816 1323 1043 1393 mimas»,
1073 1322 1274 1381 Patres
1304 1322 1657 1398 conscripti,
1688 1322 1748 1379 in
1779 1342 1916 1398 agro
1944 1322 2248 1397 Campano
2293 1323 2410 1380 col-

414 1399 652 1457 locatos.
726 1400 900 1461 'Quid
950 1401 1071 1476 jam
1125 1420 1332 1476 querar
1386 1402 1460 1458 de
1504 1418 1642 1477 agro
1682 1400 2011 1458 Leontino?
2053 1401 2412 1477 quandoqui-

417 1478 550 1535 dem
581 1480 670 1537 hae
711 1480 1002 1554 quondam
1046 1480 1333 1537 arationes
1376 1480 1663 1556 Campani
1704 1490 1761 1536 et
1803 1480 2080 1557 Leontini
2124 1481 2183 1537 in
2213 1480 2410 1555 populi

318 1552 387 1606 1⁵
417 1556 674 1615 Romani
712 1558 1056 1633 patrimonio
1088 1556 1322 1636 [grandi
1354 1560 1598 1639 foenore]
1631 1568 1689 1615 et
1722 1558 2030 1617 fructuosae
2061 1558 2409 1616 serebantur.

416 1635 657 1696 Medico
683 1636 794 1694 tria
820 1638 1001 1695 millia
1035 1637 1327 1715 jugerum,
1357 1640 1519 1714 quasi
1549 1648 1606 1695 te
1635 1656 1840 1694 sanum
1871 1638 2104 1695 fecisset
2121 1657 2136 1707 3
2197 1638 2412 1695 rhetori

416 1716 551 1787 duo,
581 1716 745 1792 quasi
787 1716 1064 1775 disertum
1108 1717 1299 1775 facere
1322 1718 1639 1794 potuisset.
1727 1717 1845 1774 Sed
1889 1717 1959 1773 ad
2005 1717 2114 1775 iter
2157 1715 2414 1774 Italiam·

414 1814 528 1872 que
557 1797 883 1853 redeamus·

495 1874 627 1932 XL.
712 1873 1021 1932 Deduxisti
1062 1874 1352 1934 coloniam
1381 1874 1728 1943 Casilinum,
1759 1872 1872 1951 quo
1903 1873 2100 1931 Caesar
2145 1872 2280 1931 ante
2311 1874 2410 1931 de-

313 1954 387 2010 20
416 1953 675 2010 duxerat.
760 1953 1120 2011 Consuluisti
1175 1972 1267 2009 me
1309 1974 1412 2029 per
1454 1954 1649 2010 literas
1690 1954 1763 2010 de
1805 1953 2012 2030 Capua
2052 1962 2115 2009 tu
2157 1954 2412 2029 quidem,

417 2029 548 2108 (sed
589 2030 745 2089 idem
798 2030 871 2087 de
913 2031 1175 2089 Casilino
1217 2032 1670 2109 respondissem)
1714 2052 2010 2108 possesne,
2041 2032 2140 2089 ubi
2183 2032 2416 2090 colonia

412 2119 586 2180 esset,
628 2108 701 2167 eo
744 2109 1031 2167 coloniam
1075 2130 1283 2167 novam
1320 2109 1451 2186 jure
1491 2110 1802 2176 deducere.
1885 2108 2134 2187 Negavi,
2179 2110 2237 2168 in
2281 2130 2414 2168 earn

414 2188 724 2260 coloniam,
752 2206 879 2265 quae
907 2197 1061 2246 esset
1090 2186 1389 2266 auspicato
1420 2187 1693 2261 deducta,
1723 2189 1862 2246 dum
1891 2200 2046 2248 esset
2074 2190 2410 2261 incolumiS,

420 2268 711 2328 coloniam
749 2287 953 2326 novam
992 2269 1121 2345 jure
1164 2270 1410 2327 deduci:
1455 2269 1690 2327 colonos
1730 2289 1908 2327 novos
1950 2268 2199 2327 adscribi
2242 2289 2414 2345 posse

312 2347 384 2402 25
420 2347 705 2423 rescripsi.
816 2347 916 2404 Tu
960 2357 1173 2420 autem,
1217 2348 1526 2407 insolentia
1567 2349 1771 2419 elatus,
1814 2348 1975 2406 omni
2019 2349 2411 2424 auspiciorum

414 2425 543 2503 jure
584 2429 830 2496 turbato,
859 2427 1184 2502 Casilinum
1228 2429 1517 2486 coloniam
1561 2427 1870 2498 deduxisti,
1901 2425 2014 2503 quo
2044 2440 2167 2486 erat
2207 2427 2414 2502 paucis

422 2507 590 2564 annis
620 2505 753 2564 ante
784 2505 1057 2579 deducta,
1088 2517 1151 2566 ut
1178 2509 1450 2565 vexillum
1492 2507 1740 2578 tollereS,
1769 2516 1828 2563 et
1866 2517 2117 2563 aratrum
2161 2507 2410 2563 circ-um-

330 2637 333 2639 *
420 2584 700 2644 duceres:
757 2585 925 2660 cujus
977 2589 1208 2661 quidem
1254 2606 1482 2644 vomere
1524 2598 1746 2661 portam
1801 2585 2019 2660 Capuae
2071 2583 2224 2661 pene
2283 2604 2412 2660 per-

420 2663 719 2734 strinxisti,
749 2674 813 2720 ut
841 2663 1096 2722 florentis
1125 2666 1366 2723 coloniae
1395 2665 1740 2723 territorium
1771 2664 2143 2722 minueretur.

310 2735 383 2790 30
499 2742 597 2798 Ab
626 2742 737 2799 hac
766 2742 1109 2818 religionum
1150 2745 1602 2820 perturbatione,
1633 2744 1862 2800 advolas
1892 2742 1950 2800 in
1997 2741 2078 2800 M.
2110 2741 2410 2813 VarroniS,

418 2819 770 2876 sanctissimi
800 2829 970 2894 atque
1000 2820 1356 2898 integerrimi
1385 2823 1509 2893 viri,
1531 2821 1771 2879 fundum
1798 2822 2183 2879 Cassinatem.
2266 2821 2410 2882 Quo

412 2899 584 2975 jure?
626 2917 738 2972 quo
778 2899 919 2955 ore?
1001 2898 1245 2969 Eodem,
1290 2900 1536 2974 inquies,
1566 2921 1679 2976 quo
1724 2901 1782 2958 in
1829 2901 2123 2958 haeredum
2173 2900 2242 2972 L.
2286 2899 2412 2956 Ru-

420 2977 547 3046 brii,
575 2996 690 3051 quo
718 2974 776 3032 in
806 2977 1099 3034 haeredum
1128 2977 1197 3035 L.
1228 2977 1486 3035 Turselii
1525 2980 1762 3054 praedia,
1791 3000 1904 3055 quo
1933 2980 1992 3036 in
2036 2979 2286 3055 reliquas
2327 2979 2412 3034 in-

417 3055 807 3112 numerabiles
859 3057 1271 3130 possessioneS.
1357 3053 1434 3114 Et
1488 3058 1536 3114 si
1593 3059 1666 3114 ab
1721 3059 1907 3130 hasta,
1963 3059 2152 3115 valeat
2204 3059 2408 3127 hasta3

312 3127 382 3182 35
418 3135 647 3193 valeant
702 3134 935 3206 tabulae,
978 3135 1149 3193 modo
1193 3135 1464 3207 CaesariS,
1508 3156 1626 3194 non
1666 3147 1816 3208 tuae3
1886 3137 2095 3213 quibus
2137 3137 2408 3206 debuisti,

418 3213 534 3272 non
578 3213 787 3290 quibus
827 3225 890 3271 tu
933 3225 989 3272 te
1031 3215 1364 3272 liberavisti.
1447 3215 1726 3273 Varronis
1768 3217 2002 3291 quidem
2045 3215 2408 3273 Cassinatem

418 3293 661 3352 fundum
702 3293 831 3369 quis
872 3293 1120 3352 veniisse
1162 3295 1352 3352 dicit'l
1419 3295 1547 3370 quis
1591 3296 1811 3352 hastam
1857 3295 2020 3353 istius
2063 3294 2412 3352 venditionis

417 3375 599 3432 vidit?
640 3373 768 3449 quis
796 3393 997 3431 vocem
1028 3375 1311 3450 praeconis
1339 3374 1602 3431 audivit?
1689 3371 1922 3431 Misisse
1958 3385 2016 3431 te
2057 3373 2206 3430 dicis
2235 3374 2413 3430 Alex-

420 3452 703 3524 andriam,
744 3453 857 3528 ‘qui
911 3463 1130 3510 emeret
1185 3472 1235 3510 a*
1272 3453 1522 3510 Caesare.
1609 3452 1808 3529 Ipsum
1862 3453 2019 3510 enim
2073 3463 2412 3529 exspectare

310 3519 383 3572 40
418 3549 694 3606 magnum
739 3531 863 3589 fuit.
945 3531 1103 3593 Quis
1159 3530 1293 3589 vero
1351 3532 1568 3589 audivit
1609 3551 1884 3607 unquam,
1931 3530 2174 3607 (nullius
2217 3541 2412 3588 autem

418 3609 574 3666 salus
618 3627 772 3666 curoe
812 3609 1076 3686 pluribus⁴
1129 3609 1263 3688 fuit)
1308 3611 1381 3666 de
1424 3611 1668 3667 fortunis
1722 3611 2003 3667 Varronis
2057 3629 2180 3667 rem
2234 3610 2413 3666 ullam

416 3706 545 3744 esse
573 3687 934 3746 detractam?
1016 3687 1198 3750 Quod
1230 3689 1279 3745 si
1308 3689 1483 3744 etiam
1512 3689 1739 3764 scripsit
1771 3690 1842 3745 ad
1871 3699 1927 3745 te
1952 3689 2172 3757 Caesar,
2197 3698 2260 3745 ut
2286 3688 2416 3744 red-

382 3763 393 3774 ’
419 3766 622 3833 deres;
664 3764 801 3840 quid
833 3767 971 3823 satis
998 3777 1187 3841 potest
1214 3767 1332 3823 dici
1363 3768 1436 3824 de
1468 3769 1631 3824 tanta
1659 3768 2063 3843 impudenti-al
2146 3766 2412 3824 Remove

418 3843 642 3920 gladios
667 3861 975 3919 parumper
1003 3844 1149 3916 illos,
1191 3864 1333 3920 quos
1361 3845 1656 3903 videmus:
1695 3845 1816 3921 jam
1875 3845 2184 3923 intelligeS,
2238 3844 2414 3904 aliam

318 3969 336 4000 Χ
