2698 4492
695 295 971 346 ORATIO
1015 293 1156 343 PRO
1199 292 1263 343 T.
1306 292 1538 343 ANNIO
1582 291 1882 342 MILONE.
2271 292 2385 350 105

283 461 396 519 pus
423 440 604 498 ullum
635 440 877 517 dignum
906 440 1033 511 fuit,
1058 437 1215 497 certe
1246 440 1375 496 haec
1405 438 1463 495 in
1493 436 1592 501 illa
1621 436 1800 495 causa
1841 454 2067 494 summa
2092 436 2290 494 omnia

290 523 545 580 suerunt.
632 519 943 577 Insidiator
972 529 1097 577 erat
1124 519 1183 576 in
1214 519 1334 577 foro
1362 517 1695 587 collocatuS,
1743 526 1914 591 atque
1953 516 2011 573 in
2041 517 2291 573 vestibu-

290 601 350 659 lo
378 601 501 677 ipso
526 600 799 657 senatus:
842 600 897 656 ei
928 599 1050 656 viro
1079 608 1273 655 autem
1303 616 1456 655 mors
1500 597 1830 673 parabatur,
1862 597 2029 672 cujus
2072 596 2131 654 in
2171 595 2291 653 vita

294 680 587 737 nitebatur
630 679 785 735 salus
825 678 1077 735 civitatis
1099 695 1114 746 ;
1160 696 1231 734 eo
1254 675 1424 753 porro
1466 675 1799 752 reipublicae
1838 685 2114 751 tempore,
2158 694 2291 750 quc,

298 760 350 815 si
390 777 543 815 unus
595 758 691 815 ille
730 758 1062 828 occidisset,
1108 776 1223 813 non
1270 757 1398 813 haec
1439 753 1626 812 solum
1681 755 1905 826 civitaS,
1948 755 2049 812 sed
2091 764 2294 832 gentes
2355 761 2392 814 5

300 856 501 895 omnes
541 837 948 894 concidissent.
1032 835 1167 892 Nisi
1205 833 1373 905 forte,
1405 836 1541 909 quia
1584 834 1844 911 perfecta
1889 854 1981 892 res
2023 854 2140 893 non
2168 844 2293 911 est,

304 936 420 974 non
465 915 574 973 fuit
597 916 929 991 punienda;
969 914 1209 991 perinde
1257 914 1424 989 quasi
1467 914 1654 971 exitus
1701 932 1914 985 rerum,
1959 933 2075 971 non
2119 914 2299 971 homi-

306 1013 449 1052 num
494 994 755 1063 consilia,
803 994 1029 1070 legibus
1070 994 1455 1052 vindicentur.
1560 990 1764 1049 Minus
1808 993 2120 1050 dolendum
2165 992 2294 1064 suit,

309 1093 373 1131 re
400 1092 514 1130 non
542 1072 798 1149 perfecta
821 1093 836 1142 ;
878 1073 978 1129 sed
1005 1073 1363 1150 puniendum
1408 1070 1568 1129 certe
1612 1072 1794 1129 nihilo
1841 1070 2051 1129 minus,
2133 1070 2300 1133 Quo-

310 1152 421 1209 ties
450 1170 559 1227 ego
586 1152 726 1227 ipse,
749 1151 995 1227 judiceS,
1024 1171 1095 1209 ex
1122 1152 1185 1209 P.
1234 1152 1426 1209 Clodii
1474 1152 1625 1222 telis,
1678 1161 1736 1207 et
1779 1170 1850 1207 ex
1891 1150 2148 1208 cruentis
2176 1150 2300 1227 ejus
2329 1154 2398 1207 10

311 1229 598 1301 manibuS,
644 1230 856 1307 effugi!
901 1250 973 1288 ex
1017 1232 1227 1307 quibus
1270 1230 1320 1287 si
1348 1250 1442 1288 me
1482 1251 1598 1289 non
1639 1230 1726 1287 vel
1757 1249 1889 1288 mea
1915 1230 2003 1287 v‘el
2033 1228 2302 1306 reipubli-

310 1330 395 1368 cae
426 1310 654 1371 fortuna
680 1310 981 1381 servasset,
1010 1310 1141 1385 quis
1182 1311 1417 1368 tandem
1463 1310 1536 1367 de
1585 1310 1822 1367 interitu
1867 1329 1996 1367 meo
2040 1309 2303 1385 quaestio-

308 1409 442 1448 nem
472 1389 698 1446 tulisset
721 1388 743 1445 2

387 1468 562 1525 VIII.
628 1468 746 1525 Sed
803 1468 962 1525 stulti
993 1508 995 1511 >
1023 1487 1244 1539 sumUS,
1286 1468 1387 1544 qui
1441 1468 1718 1540 Drusum,
1775 1467 1875 1543 qui
1931 1468 2279 1526 Africanum

309 1547 667 1623 Pompeium,
696 1558 921 1605 nosmet
943 1547 1112 1623 ips03‚
1142 1566 1277 1605 cum
1320 1548 1383 1605 P.
1415 1547 1623 1605 Clodio
1657 1548 1917 1605 conferre
1967 1549 2299 1605 audeamus,
2333 1548 2402 1603 15

309 1626 670 1684 Tolerabilia
698 1626 931 1684 suerunt
959 1627 1091 1683 illa:
1134 1627 1198 1684 P.
1230 1626 1423 1685 Clodii
1452 1638 1693 1685 mortem
1723 1646 1886 1701 aequo
1916 1627 2108 1684 animo
2134 1646 2306 1685 nemo

311 1706 459 1764 ferre
514 1715 715 1782 potest.
800 1705 991 1782 Luget
1048 1716 1316 1763 senatus:
1376 1715 1579 1763 moeret
1635 1716 1897 1779 equester
1958 1706 2130 1763 ordo:
2186 1715 2307 1762 tota

312 1784 517 1842 civitas
563 1784 830 1842 confecta
877 1786 1041 1842 senio
1082 1795 1203 1843 est:
1246 1786 1514 1859 squalent
1549 1785 1909 1861 municipia:
1955 1784 2305 1841 afflictantur

310 1864 586 1921 coloniae:
632 1864 755 1940 agri
804 1864 1053 1937 denique
1099 1863 1205 1941 ipsi
1246 1874 1367 1921 tam
1411 1864 1760 1935 beneficum,
1808 1874 1927 1921 tam
1971 1864 2303 1934 salutarem,

310 1952 431 2000 tam
484 1953 870 2014 mansuetum,
927 1942 1113 2001 civem
1168 1943 1514 2001 desiderant.
1597 1942 1734 2001 Non
1791 1942 1899 2001 suit
1939 1961 2010 2001 ea
2048 1940 2305 2019 profecto
2333 1936 2408 1993 20

312 2041 510 2092 causa,
553 2022 803 2097 judices,
848 2042 961 2079 non
1008 2022 1134 2094 fuit,
1165 2042 1269 2081 cur
1314 2023 1426 2080 sibi
1473 2033 1738 2081 censeret
1782 2022 2089 2101 Pompeius
2130 2042 2310 2098 quaes-

313 2100 526 2158 tionem
556 2101 889 2158 ferendam:
933 2102 1034 2159 sed
1066 2104 1239 2160 homo
1266 2103 1518 2178 sapienS,
1547 2113 1606 2159 et
1635 2103 1751 2160 alta
1783 2100 1870 2179 [et
1911 2102 2134 2192 divina]
2169 2102 2309 2176 qua-

314 2180 446 2237 dam
490 2189 687 2237 mente
732 2181 1024 2257 proedituS,
1068 2182 1250 2238 multa
1288 2182 1466 2239 vidit:
1529 2182 1705 2239 fuisse
1759 2182 1870 2239 sibi
1915 2181 2077 2238 illum
2121 2180 2311 2238 inimi-

314 2260 843 2331 cum,.familiarem
875 2259 1173 2319 Milonem.
1258 2261 1328 2318 In
1361 2261 1654 2319 communi
1697 2261 1954 2319 omnium
1997 2260 2218 2330 laetitia,
2259 2259 2310 2316 si

312 2339 489 2397 etiam
539 2339 659 2416 ipse
706 2339 1006 2416 gauderet,
1054 2339 1266 2412 timuit,
1296 2360 1372 2398 ne
1399 2340 1689 2397 videretur
1719 2339 1996 2396 infirmior
2037 2339 2182 2396 fides
2222 2358 2311 2396 re·
2335 2339 2409 2392 25

314 2418 639 2488 conciliatae
668 2419 885 2496 gratiae.
970 2417 1161 2475 Multa
1188 2420 1366 2476 etiam
1397 2418 1510 2475 alia
1537 2419 1698 2488 vidit,
1728 2417 1829 2474 sed
1861 2418 2000 2475 illud
2023 2415 2308 2475 maxime:

314 2497 575 2572 quamvis
606 2498 874 2556 atrociter
904 2498 1024 2573 ipse
1052 2498 1295 2569 tulisset,
1325 2516 1425 2556 vos
1452 2508 1646 2554 tamen
1690 2497 1909 2555 fortiter
1930 2496 2318 2582 judicaturos!

314 2576 523 2652 Itaque
572 2577 791 2654 delegit
836 2597 869 2635 e
917 2576 1339 2635 florentissimis
1381 2576 1681 2635 ordinibus
1721 2576 1845 2652 ipsa
1871 2575 2108 2633 lumina.
2191 2571 2312 2633 Ne-

316 2675 428 2731 que
484 2655 617 2713 vero
680 2655 858 2732 (quod
912 2657 1175 2715 nonnulli
1228 2657 1526 2734 dictitant)
1585 2656 1852 2732 secrevit¹²
1906 2655 1965 2713 in
2014 2653 2311 2731 judicibus

318 2735 601 2813 legendiS,
633 2737 849 2793 amicos
877 2755 1071 2794 meos:
1115 2756 1303 2812 neque
1331 2737 1487 2794 enim
1531 2736 1650 2793 hoc·
1683 2734 1958 2813 cogitavit
1997 2735 2082 2792 vir
2116 2734 2310 2812 justis-
2335 2733 2409 2787 :30

316 2815 529 2884 simus;
572 2813 781 2888 neque,
833 2815 893 2872 in
944 2815 1272 2875 bonis'viris
1319 2815 1600 2893 legendiS,
1632 2815 1690 2872 id
1737 2815 1965 2890 assequi
2011 2815 2306 2890 potuisset,

315 2893 545 2953 etiamsi
574 2893 843 2969 cupisset.
928 2893 1064 2953 Non
1094 2895 1251 2952 enim
1279 2913 1412 2954 mea
1438 2895 1627 2972 gratia
1655 2894 2146 2952 familiaritatibus
2175 2913 2311 2952 con-

316 2973 552 3044 tinetur,
582 2992 707 3048 quae
736 2971 851 3030 late
880 2983 1077 3049 patere
1106 2982 1219 3032 n'on
1247 2984 1503 3050 possunt,
1545 2985 1844 3051 propterea
1884 2972 2041 3047 quod
2070 2992 2310 3031 consue-

315 3053 548 3110 tudines
576 3052 765 3110 victus
808 3073 923 3110 non
966 3064 1205 3129 possunt
1250 3074 1376 3111 esse
1421 3073 1554 3111 cum
1600 3053 1812 3110 multis.
1897 3053 2036 3124 Sed,
2081 3053 2131 3109 si
2171 3052 2310 3126 quid

316 3151 639 3208 possumuS,
695 3151 768 3188 ex
820 3151 890 3190 eo
941 3151 1261 3208 possumne,
1304 3130 1461 3207 quod
1503 3133 1830 3209 respublica
1868 3151 1972 3189 nos
2013 3131 2310 3206 conjunxit
2337 3137 2408 3191 35

318 3229 455 3268 cum
483 3210 687 3268 bonis:
730 3229 801 3268 ex
828 3211 1038 3287 quibus
1066 3211 1163 3270 ille
1192 3209 1329 3269 cum
1368 3212 1610 3286 optimos
1657 3211 1807 3268 viros
1853 3210 2091 3286 legeret,
2134 3209 2310 3282 idque

318 3287 569 3346 maxime
614 3289 687 3346 ad
742 3289 915 3346 fidem
970 3309 1135 3348 suam
1188 3291 1477 3366 pertinere
1533 3287 1924 3358 arbitraretur,
1967 3308 2082 3345 non
2127 3287 2312 3363 potuit

316 3367 513 3445 legere
540 3388 654 3425 non
684 3369 965 3427 studiosos
994 3370 1126 3426 mei.

395 3445 581 3508 Quod
611 3446 745 3504 vero
776 3458 853 3519 te,
884 3448 950 3505 L.
983 3447 1223 3518 Domiti,
1254 3447 1394 3504 huic
1436 3445 1738 3522 quaestioni
1784 3465 2029 3522 praeesse
2058 3445 2309 3503 maxime

317 3527 515 3597 voluit,
571 3525 716 3584 nihil
745 3527 1027 3600 'quaesivit
1082 3527 1258 3597 aliud,
1303 3526 1416 3584 nisi
1459 3525 1760 3601 justitiam,
1806 3525 2166 3602 gravitatem,
2210 3527 2313 3583 hu·
2339 3529 2410 3584 40

318 3606 678 3675 manitatem,
734 3606 925 3663 fidem.
1038 3607 1225 3676 Tulit,
1282 3615 1345 3663 ut
1410 3604 1771 3662 consularem
1826 3624 2066 3662 necesse
2121 3615 2309 3662 esset:

319 3685 515 3754 credo,
543 3682 699 3759 quod
726 3685 1052 3761 principum
1083 3704 1294 3742 munus
1322 3704 1448 3742 esse
1478 3685 1749 3756 ducebat,
1778 3683 2048 3742 resistere
2076 3694 2134 3743 et
2176 3684 2314 3742 levi-

318 3764 425 3821 tati
452 3763 859 3836 multitudiniS,
889 3774 949 3822 et
974 3764 1325 3840 perditorum
1373 3763 1701 3822 temeritati.
1786 3764 1876 3822 Ex
1914 3764 2314 3822 consularibus

319 3853 378 3901 te
434 3843 651 3900 creavit
688 3843 1089 3918 potissimum:
1152 3843 1396 3901 dederas
1450 3842 1627 3914 enim,
1683 3841 1857 3917 quam
1912 3853 2344 3901 contemneres·

318 3921 625 4000 populares
667 3919 944 3994 insanias,
984 3922 1103 3998 jam
1135 3922 1207 3980 ab
1237 3921 1628 3981 adolescentia
1657 3923 2005 3981 documenta
2044 3919 2311 3977 maxima.
2341 3927 2412 3980 45
