2698 4492
274 717 314 732 l

360 309 443 370 82
886 307 1159 358 ORATIO
1204 307 1344 358 PRO
1387 305 1586 356 REGE
1629 304 2020 356 DEIOTARO.

538 451 805 528 Ignosce,
834 450 1089 528 ignosce,
1118 449 1335 522 Caesar,
1365 449 1415 508 si
1461 449 1584 527 ejus
1630 449 1736 507 viri
1779 448 2104 507 auctoritati
2131 469 2231 506 rex
2258 447 2435 508 Deio-

458 539 618 587 tarus
663 531 856 600 cessit,
882 547 1055 604 quem
1101 541 1223 586 nos·
1248 547 1449 586 omnes
1485 529 1669 587 secuti
1710 547 1939 585 sumus:
1983 529 2043 586 in
2081 547 2250 602 quem
2293 525 2436 584 cum

460 607 561 665 Dii
610 618 777 682 atque
824 607 1084 666 homines
1122 607 1317 664 omnia
1357 618 1695 665 ornamenta
1722 607 2162 683 congessissent,
2205 616 2326 662 tum
2370 618 2436 663 tu

462 687 581 762 ipse
618 685 867 763 plurima
904 695 963 743 et
1014 685 1279 744 maxima.
1361 684 1572 760 Neque
1625 686 1802 754 enim,
1857 685 1905 741 si
1956 695 2070 741 tuae
2124 704 2216 741 res
2255 696 2436 762 gestae

395 769 433 823 5
462 775 799 822 caeterorum
850 763 1119 836 laudibus
1182 763 1592 821 obscuritatem
1661 763 1991 833 attulerunt,
2047 763 2266 820 idcirco
2319 763 2434 820 Cn.

461 841 716 923 Pompeii
758 840 1091 901 memoriam
1132 840 1444 899 amisimus·
1526 842 1832 903 Quantum
1859 860 2065 898 nomen
2089 841 2212 915 ejus
2241 841 2436 911 suerit,

459 931 687 997 quantae
713 941 869 998 opes,
896 931 1113 996 quanta
1154 920 1215 985 in
1256 920 1414 978 omni
1442 938 1658 996 genere
1699 919 1975 978 bellorum
2003 919 2203 994 gloria,
2233 920 2436 992 quanti

461 1001 705 1059 honores
728 999 917 1076 populi
942 998 1214 1069 Romani,
1242 998 1441 1074 quanti
1468 998 1720 1068 senatus,
1749 998 1946 1073 quanti
1989 998 2093 1068 tui,
2123 998 2251 1071 quis
2280 997 2441 1074 igno-

462 1081 589 1137 rat‘l
672 1077 869 1137 Tanto
907 1077 1004 1135 ille
1031 1078 1348 1153 superiores
1375 1075 1592 1133 vicerat
1617 1075 1820 1152 gloria,
1839 1087 2052 1149 quanto
2077 1086 2140 1133 tu
2167 1078 2441 1132 omnibus

368 1158 433 1212 10
460 1157 786 1234 praestitisti.
868 1155 1075 1232 Itaque
1114 1155 1223 1212 Cn.
1253 1153 1510 1230 Pompeii
1555 1154 1724 1224 bella,
1772 1153 2058 1224 victorias,
2099 1154 2439 1230 triumphOS,

462 1237 811 1306 consulatus,
858 1235 1205 1291 admirantes
1245 1234 1692 1290 numerabamus
1707 1253 1723 1304 3
1765 1243 1892 1290 tuos
1939 1251 2278 1290 enumerare
2320 1253 2440 1291 non

460 1331 775 1389 possumus.
1361 1345 1368 1350 -

542 1391 615 1449 V·.
684 1390 781 1446 Ad
808 1406 941 1446 eum
970 1387 1144 1464 igitur
1186 1408 1286 1446 rex
1332 1388 1640 1447 Deiotarus
1675 1389 1850 1460 venit,
1879 1389 1990 1447 hoc
2019 1390 2227 1447 misero
2254 1390 2442 1447 fatali-

460 1487 573 1544 que
601 1468 770 1538 bello,
798 1484 969 1542 quem
1017 1477 1187 1524 antea
1223 1466 1393 1543 justis
1437 1468 1848 1543 hostilibusque
1891 1468 2056 1524 bellis
2105 1469 2404 1543 adjuverat
2423 1489 2437 1538 ;

368 1559 435 1612 15
464 1566 709 1622 quocum
738 1556 862 1603 erat
887 1565 1003 1603 non
1046 1545 1287 1620 hospitio
1332 1544 1537 1617 solum,
1565 1544 1764 1603 verum
1809 1546 1982 1604 etiam
2024 1547 2439 1618 familiaritate,

464 1625 834 1702 conjunctus;
878 1633 935 1682 et
981 1623 1137 1681 venit
1164 1624 1252 1680 vel
1295 1635 1547 1700 rogatuS,
1576 1636 1640 1681 ut
1683 1620 1935 1694 amicus;
1976 1625 2065 1680 vel
2108 1626 2439 1696 arcessitus,
2501 1657 2518 1672 -

464 1715 528 1761 ut
555 1704 777 1774 socius3
820 1703 909 1761 vel
954 1713 1243 1771 evocatuS,
1287 1713 1353 1758 ut
1395 1702 1444 1759 is
1471 1702 1569 1777 qui
1609 1702 1834 1760 senatui
1874 1715 2074 1778 parere
2103 1703 2439 1761 didicisset:

460 1781 749 1860 postremo
778 1783 954 1852 venit,
983 1790 1047 1839 ut
1074 1781 1147 1838 ad
1184 1780 1520 1857 fugientem,
1549 1800 1662 1838 non
1707 1791 1769 1838 ut
1818 1781 1890 1837 ad
1931 1781 2352 1856 insequentem,
2383 1783 2440 1840 id

464 1873 570 1932 est,
600 1863 673 1918 ad
698 1861 961 1937 periculi,
990 1879 1105 1917 non
1147 1858 1221 1915 ad
1249 1859 1524 1929 victoriae,
1569 1859 1921 1917 societatem.
2007 1859 2231 1933 Itaque,
2261 1861 2443 1918 Phar-

362 1947 435 2000 20
465 1940 645 1997 salico
668 1940 871 2014 proelio
900 1939 1071 2008 sacto,
1102 1956 1135 1994 a
1162 1937 1434 2013 Pompeio
1473 1937 1773 1994 discessit:
1817 1956 1972 2013 spem
2002 1938 2286 1995 infinitam
2313 1959 2443 2015 per-

464 2017 625 2091 sequi
652 2016 866 2074 noluit:
909 2016 996 2073 vel
1024 2016 1233 2084 officio,
1262 2015 1311 2072 si
1354 2015 1491 2091 quid
1539 2017 1834 2086 debuerat,
1862 2016 1951 2073 vel
1995 2016 2191 2087 errori,
2221 2017 2270 2074 si
2299 2019 2441 2093 quid

397 2083 772 2164 ‘f‘nescierat,
802 2093 1160 2150 satisfactum
1188 2112 1314 2151 esse
1342 2093 1537 2152 duxit:
1581 2095 1810 2152 domum
1840 2114 1902 2151 se
1946 2095 2220 2152 contulit:
2262 2108 2440 2170 teque

338 2176 420 2263 1}-
462 2171 921 2231 Alexandrinum
968 2170 1180 2228 bellum
1225 2182 1483 2249 gerente,
1512 2173 1856 2230 utilitatibus
1896 2173 2012 2230 tuis
2037 2173 2242 2250 paruit.
2327 2173 2440 2232 Ille

462 2252 777 2311 exercitum
825 2252 934 2310 Cn.
981 2250 1241 2321 Domitii,
1288 2252 1621 2327 amplissimi
1667 2252 1793 2323 viri,
1821 2252 1941 2309 suis
1975 2253 2144 2310 tectis
2171 2264 2231 2310 et
2257 2256 2442 2329 copiis

362 2338 435 2392 25
462 2332 837 2391 sustentavit:
880 2331 976 2389 ille
1019 2330 1312 2406 Ephesum
1363 2330 1436 2387 ad
1483 2350 1636 2401 eum,
1685 2349 1854 2406 quem
1901 2340 1962 2387 tu
1992 2350 2061 2389 ex
2089 2331 2203 2389 tuis
2229 2332 2442 2390 fidelis-

462 2411 670 2469 simum
698 2425 757 2469 et
784 2410 1244 2487 probatissimum
1280 2408 1548 2467 omnibus
1593 2409 1878 2486 delegisti,
1905 2410 2214 2485 pecuniam
2242 2411 2438 2469 misit:

462 2490 559 2548 ille
589 2490 814 2560 iterum,
845 2490 940 2547 ille
967 2487 1158 2559 tertio,
1190 2487 1553 2545 auctionibus
1579 2488 1768 2559 factiS,
1794 2488 2102 2564 pecuniam
2124 2490 2303 2559 dedit,
2323 2490 2440 2563 quai

462 2570 533 2626 ad
566 2569 777 2627 bellum
805 2568 1079 2626 utereris:
1122 2567 1219 2624 ille
1250 2584 1651 2642 corpus-suum
1679 2566 1934 2642 periculo
1959 2566 2190 2643 objecit,
2218 2578 2441 2625 tecum-

461 2665 573 2720 que
614 2648 675 2704 in
724 2647 850 2703 acie
894 2656 1094 2703 contra
1139 2646 1500 2702 Pharnacem
1550 2644 1691 2714 fuit;
1732 2657 2008 2720 tuumque
2050 2647 2266 2703 hostem
2309 2666 2440 2705 esse

361 2727 434 2781 30
462 2725 625 2781 duxit
650 2742 835 2780 suum.
917 2724 1071 2785 Quae
1099 2724 1333 2797 quidem
1376 2742 1410 2780 a
1435 2734 1493 2780 te
1522 2723 1581 2781 in
1609 2742 1740 2781 eam
1764 2734 1983 2799 partem
2015 2736 2254 2800 accepta
2281 2737 2437 2797 sunt,

463 2802 572 2859 Cai
601 2801 818 2871 Caesar,
848 2810 910 2857 ut
932 2820 1064 2859 eum
1109 2801 1459 2876 amplissimo
1498 2802 1652 2879 regis
1695 2802 1908 2860 honore
1953 2812 2012 2860 et
2039 2804 2271 2861 nomine
2301 2800 2440 2861 affe-

462 2898 628 2938 cens,
2395 2912 2400 2915 -

542 2957 603 3015 Is
630 2956 823 3033 igitur,
852 2976 963 3014 non
993 2953 1164 3013 modo
1195 2976 1228 3014 a
1254 2967 1311 3015 te
1352 2957 1610 3033 periculo
1655 2958 1948 3031 liberatuS,
1978 2960 2080 3017 sed
2123 2960 2294 3019 etiam
2339 2961 2440 3018 ho-

462 3056 599 3095 nore
644 3035 991 3111 amplissimo
1034 3046 1287 3106 ornatus,
1338 3037 1596 3112 arguitur
1639 3038 1792 3113 domi
1845 3048 1903 3095 te
1951 3058 2068 3095 suae
2110 3038 2436 3097 interficere

362 3118 435 3175 35
463 3116 739 3173 volui-sse:
782 3114 933 3188 quod
959 3124 1042 3185 tn,
1070 3112 1182 3172 nisi
1228 3134 1363 3171 eum
1407 3114 1840 3172 furiosissimum
1879 3113 2124 3191 judicas,
2155 3118 2435 3192 suspicari
2471 3124 2480 3135 '

400 3192 714 3271 *profecto
743 3214 857 3252 non
896 3204 1071 3269 potes,
1152 3192 1231 3250 Ut
1276 3193 1434 3250 enim
1475 3192 1754 3264 omittam,
1803 3194 1966 3269 cujus
2008 3195 2150 3251 tanti
2201 3195 2436 3253 sceleris

463 3275 652 3346 suerit,
682 3273 741 3332 in
770 3282 1079 3349 conspectu
1108 3270 1363 3329 Deorum
1405 3272 1698 3347 penatium
1743 3292 1956 3330 necare
1983 3274 2292 3349 hospitem3
2337 3294 2438 3331 cu-

456 3374 551 3430 jus
576 3364 749 3412 tantae
797 3349 1258 3429 importunitatiS,
1285 3350 1543 3406 omnium
1590 3350 1848 3426 gentium
1895 3362 2065 3425 atque
2091 3353 2278 3409 omnis
2319 3371 2438 3408 me-

462 3434 654 3491 moriae
684 3432 1065 3491 clarissimum
1086 3430 1279 3487 lumen
1299 3428 1696 3503 exstinguere:
1727 3428 1891 3504 cujus
1907 3439 2080 3487 tantae
2101 3430 2432 3503 ferocitatis,

366 3514 433 3566 40
462 3511 735 3569 victorem
760 3510 915 3568 orbis
961 3519 1238 3567 terrarum
1283 3526 1398 3564 non
1447 3506 1852 3575 extimescere3
1897 3508 2062 3583 cujus
2104 3518 2218 3565 tam
2270 3510 2436 3567 inhu-

462 3589 618 3644 mani
660 3599 718 3645 et
746 3588 953 3663 ingrati
1002 3586 1199 3655 animi,
1231 3604 1265 3642 a
1305 3604 1419 3659 quo
1445 3604 1547 3642 rex
1594 3585 1906 3660 appellatus
1953 3597 2121 3657 esset,
2151 3588 2208 3644 in
2254 3608 2324 3645 eo
2353 3598 2434 3662 ty·

461 3684 707 3722 rannum
752 3664 1029 3722 inveniri:
1071 3674 1134 3720 ut
1178 3664 1303 3720 haec
1344 3662 1624 3733 omittam,
1655 3663 1819 3739 cujus
1864 3664 2009 3721 tanti
2059 3665 2263 3723 suroris
2305 3666 2432 3737 fuit,

461 3762 659 3800 omnes
687 3760 873 3817 reges,
902 3760 1141 3815 quorum
1169 3741 1334 3798 multi
1379 3751 1542 3798 erant
1583 3740 1831 3811 finitimi,
1859 3762 2062 3801 omnes
2089 3745 2299 3802 liberos
2337 3764 2434 3819 po-

462 3820 643 3897 puloS,
678 3839 877 3879 omnes
924 3818 1126 3890 sonim,
1169 3838 1370 3877 omnes
1410 3819 1749 3897 provincias,
1793 3821 1986 3879 omnia
2028 3823 2274 3898 denique
2317 3843 2434 3881 om-
