2698 4492
373 293 456 353 84
903 291 1179 341 ORAT10
1223 291 1365 343 PRO
1407 291 1607 340 REGE.
1648 289 2041 340 DEIOTARO.

474 435 734 494 dixerut
777 434 992 510 ita-que
1019 434 1224 494 fecisti.
1307 434 1528 492 Horam
1556 453 1733 493 unam
1762 443 1861 492 aut
1903 434 2047 491 duas
2092 435 2297 492 eodem
2322 435 2456 495 loco

475 526 744 586 armatos,
767 525 832 572 ut
871 514 1137 572 collocati
1179 514 1425 583 fuerant,
1454 514 1703 572 retinere
1746 531 2021 590 magnum
2063 514 2210 572 fuit?
2293 513 2451 572 Cum

379 599 442 670 γη
475 594 536 653 in
564 594 826 652 convivio
851 593 1089 652 comiter
1115 603 1175 649 et
1195 591 1453 669 jucunde
1486 592 1709 663 fuisseS,
1738 603 1861 649 tum
1906 593 2046 650 illuc
2092 592 2209 664 isti,
2240 604 2303 649 ut
2331 594 2453 650 dix-

475 692 620 732 eras.
701 673 844 734 Quo
870 673 930 731 in
957 672 1084 730 loco
1110 670 1449 730 Deiotarum
1477 671 1651 728 talem
1678 689 1819 747 erga
1844 684 1902 728 te
1946 672 2283 748 cognovisti,
2312 691 2452 746 qua-

412 761 448 815 5
475 752 547 811 lis
573 771 674 810 rex
701 751 943 809 Attalus
960 751 1021 808 in
1064 751 1128 808 P.
1160 750 1505 808 Africanum
1548 750 1690 820 fuit,
1677 770 1691 783 ·
1734 749 1830 807 cui
1875 749 2452 826 magnificentissima

476 831 647 902 dona,
690 841 755 887 ut
795 831 1070 906 scripturn
1116 828 1384 906 legimus,
1414 847 1595 904 usque
1640 828 1714 886 ad
1754 827 2135 886 Numantiam
2180 830 2337 886 misit
2376 849 2450 887 ex

476 910 656 980 Asi&
697 928 824 986 quae
875 910 1205 980 Africanus,
1236 908 1594 998 inspectante
1624 907 1912 999 exercitu,
1944 907 2185 982 accepit.
2268 908 2450 969 Quod

477 987 614 1048 cum
639 1008 890 1065 praesens
917 988 1244 1058 Deiotarus,
1273 986 1433 1064 regio
1458 997 1519 1044 et
1544 986 1737 1044 animo
1762 983 1821 1044 et
1866 1004 2044 1057 more,
2074 986 2341 1058 fecisset3
2384 997 2449 1044 tu

477 1068 537 1126 in
566 1068 900 1126 cubiculum
928 1067 1260 1126 discessisti.

381 1155 450 1209 10
554 1147 836 1217 Obsecm,
881 1147 1098 1216 Caesar,
1147 1154 1340 1219 repete
1382 1143 1651 1221 temporis
1698 1143 1851 1200 illius
1890 1137 2259 1201 memoriam:
2302 1163 2451 1220 pone

477 1225 638 1282 illum
667 1234 800 1282 ante
837 1225 1036 1282 oculos
1082 1225 1268 1281 diem:
1310 1222 1501 1286 vultus
1544 1223 1837 1280 hominum
1880 1231 1938 1279 te
1982 1222 2327 1279 intuentium
2370 1233 2453 1280 at-

475 1322 588 1377 que
617 1303 1023 1361 admirantium
1051 1301 1371 1359 recordare.
1455 1300 1615 1357 Num
1643 1319 1769 1375 quae
1796 1301 2141 1377 trepidatio?
2182 1320 2319 1358 num
2350 1302 2450 1377 qui

470 1380 796 1438 tumultus?
838 1398 978 1437 num
1006 1380 1163 1455 quid,
1193 1379 1305 1436 nisi
1333 1379 1649 1450 moderate,
1679 1379 1789 1436 nisi
1834 1378 2050 1454 quiete,
2080 1379 2190 1436 nisi
2238 1399 2309 1437 ex
2354 1381 2451 1438 ho-

477 1459 648 1516 minis
704 1458 1024 1535 gravissimi
1079 1469 1139 1515 et
1192 1457 1542 1515 sanctissimi
1598 1458 1945 1534 disciplina?
2050 1458 2217 1519 Quid
2275 1459 2451 1535 igitur

383 1542 448 1595 15
477 1556 667 1594 causae
695 1535 1010 1612 excogitari
1036 1546 1238 1613 potest,
1268 1555 1373 1593 cur
1400 1546 1459 1593 te
1484 1543 1705 1594 lautum
1734 1536 1991 1608 voluerit,
2022 1547 2313 1594 coenatum
2352 1558 2451 1596 no-

475 1615 666 1687 luerit,
693 1617 1003 1674 occidere?

555 1694 627 1753 In
654 1705 944 1772 posterum
988 1693 1226 1774 (inquit)
1269 1693 1426 1751 diem
1466 1693 1715 1764 distulit3
1758 1703 1821 1751 ut
1860 1691 2018 1765 cum,
2049 1693 2105 1750 in
2135 1694 2449 1754 castellum

476 1773 761 1832 Luceium
803 1784 1033 1832 ventum
1073 1785 1244 1846 esset,
1293 1773 1374 1831 ibi
1416 1773 1667 1850 cogitata
1704 1772 2023 1849 perficeret.
2106 1771 2243 1830 Non
2284 1774 2452 1832 video

477 1871 712 1910 causam
768 1852 880 1910 loci
923 1853 1218 1911 mutandi:
1280 1853 1383 1910 sed
1438 1863 1633 1909 tamen
1676 1861 1806 1908 acta
1857 1871 1949 1909 res
1990 1850 2301 1908 criminose
2344 1862 2447 1909 est.

375 1931 449 1986 20
478 1929 650 2001 Cum,
681 1931 884 2006 inquit,
913 1950 1141 1989 vomere
1167 1942 1225 1988 te
1251 1941 1377 2006 post
1418 1949 1644 1988 coenam
1690 1930 1835 1987 velle
1879 1930 2139 2001 dixisses,
2169 1930 2229 1986 in
2260 1931 2451 1988 balne-

478 2027 577 2065 um
604 2019 662 2066 te
691 2009 904 2067 ducere
933 2004 1260 2098 coeperunt-3
1304 2009 1385 2066 ibi
1430 2010 1585 2065 enim
1632 2019 1796 2066 erant
1825 2008 2065 2066 insidiae.
2150 2010 2230 2065 At
2260 2019 2319 2066 te
2358 2029 2451 2067 ea-

477 2087 610 2144 dem
639 2097 738 2144 tua
767 2087 994 2145 fortuna
1022 2089 1304 2144 servavit:
1349 2087 1409 2144 in
1454 2087 1788 2146 cubiculum
1836 2097 1893 2144 te
1928 2087 2011 2144 ire
2039 2087 2209 2145 malle
2238 2087 2447 2145 dixisti.

477 2162 576 2222 Dii
605 2176 662 2224 te
687 2166 973 2241 perduint,
1005 2165 1241 2243 fugitive
1264 2167 1278 2222 1
1322 2167 1405 2224 ita
1431 2185 1545 2224 non
1572 2164 1742 2223 modo
1772 2185 2020 2240 nequam
2056 2176 2115 2224 et
2142 2166 2449 2242 improbuS‚

477 2245 580 2303 sed
621 2245 810 2303 fatuus
856 2256 914 2304 et
959 2265 1156 2304 amens
1183 2266 1261 2305 οε.
1343 2244 1555 2307 Quid?
1597 2245 1693 2303 ille
1736 2245 1903 2322 signa
1950 2264 2111 2303 aenea
2138 2245 2198 2303 in
2226 2246 2451 2305 insidiis

375 2322 448 2376 25
476 2334 759 2401 posuerat,
787 2344 914 2401 quae
941 2345 976 2383 e
1005 2325 1210 2384 balneo
1237 2326 1296 2384 in
1325 2325 1660 2383 cubiculum
1700 2324 1995 2382 transferri
2036 2343 2150 2382 non
2179 2327 2447 2401 possent?

557 2403 760 2461 Habes
817 2405 1066 2463 crimina
1125 2404 1499 2464 insidiarum:
1567 2402 1712 2462 nihil
1774 2404 1928 2461 enim
1979 2403 2129 2460 ‘dixit
2190 2404 2446 2479 amplius.

479 2482 724 2554 Horum,
753 2482 959 2558 inquit,
988 2503 1162 2546 eram.
1189 2484 1474 2543 conscius,
1555 2482 1722 2545 Quid
1762 2483 1925 2539 tum?
1968 2481 2049 2539 ita
2088 2482 2327 2540 demens
2356 2483 2450 2540 ille

477 2572 620 2632 erat,
652 2571 712 2618 ut
739 2581 892 2632 eum,
923 2582 1094 2636 quem
1123 2562 1422 2621 conscium
1449 2561 1594 2619 tanti
1641 2561 1876 2619 sceleris
1918 2561 2186 2631 habebat,
2217 2580 2252 2617 a
2279 2581 2341 2619 se
2370 2562 2451 2618 di-

477 2640 767 2697 mitteret?
848 2640 1101 2698 Romam
1129 2641 1302 2698 etiam
1332 2641 1603 2710 mitteret,
1634 2640 1733 2696 ubi
1762 2649 1821 2697 et
1848 2639 2310 2698 inimicissimum
2340 2640 2449 2697 sci-

376 2717 465 2776 30·
478 2728 565 2774 ret
591 2736 717 2774 esse
745 2729 1010 2813 nepotem
1038 2737 1226 2789 suum,
1257 2731 1314 2775 et
1341 2718 1411 2776 C.
1444 2718 1753 2788 Caesarem,
1784 2718 1881 2776 cui
1911 2718 2141 2775 fecisset
2170 2718 2446 2775 insidias?

476 2794 784 2872 praesertim
817 2815 952 2852 cum
980 2796 1028 2853 is
1055 2814 1206 2854 unus
1233 2807 1402 2867 esset,
1445 2796 1541 2886 qui
1569 2808 1759 2872 posset
1795 2796 1893 2873 [de
1937 2796 2170 2853 absente
2216 2816 2279 2853 se
2308 2797 2450 2854 indi-

478 2874 658 2952 care.]
744 2873 820 2930 Et
860 2874 1062 2932 fratres
1100 2894 1276 2945 meoS,
1319 2874 1522 2949 inquit,
1552 2873 1707 2965 quod
1748 2886 1911 2933 erant
1950 2876 2191 2945 conscii,
2233 2874 2293 2932 in
2334 2876 2449 2933 vin·

477 2952 611 3009 cula
651 2951 915 3027 conjecit.
999 2951 1154 3010 Cum
1195 2954 1371 3031 igitur
1410 2973 1509 3011 eos
1548 2954 1811 3025 vinciret,
1854 2971 1995 3029 quos
2034 2970 2234 3031 secum
2276 2955 2447 3011 habe-

476 3032 606 3101 bat3
649 3040 707 3088 te
747 3031 995 3088 solutum
1036 3032 1288 3089 Romam
1343 3033 1627 3104 mittebat,
1670 3032 1768 3107 qui
1823 3034 2027 3090 eadem
2083 3032 2282 3104 scireS,
2323 3050 2447 3109 quae

375 3113 446 3167 35
478 3110 602 3167 illos
631 3109 781 3167 scire
810 3108 1001 3168 dicis?

555 3188 727 3247 VIII.
771 3188 1024 3264 Reliqua
1062 3208 1194 3266 pars
1235 3189 1622 3248 accusationis
1650 3190 1859 3266 duplex
1890 3190 2031 3247 fuit:
2074 3208 2209 3261 una,
2252 3209 2447 3267 regem

405 3270 697 3346 §asemper
741 3268 799 3326 in
840 3267 1088 3345 speculis
1129 3268 1325 3340 fuisse,
1356 3266 1490 3327 cum
1535 3289 1568 3328 a
1594 3279 1652 3327 te
1695 3270 1888 3327 animo
1912 3278 2064 3326 esset
2105 3268 2293 3327 alieno
2313 3289 2328 3339 ;
2373 3270 2449 3326 al-

476 3360 618 3420 tera,
648 3348 964 3409 exercitum
994 3366 1129 3405 eum
1158 3358 1360 3406 contra
1385 3357 1443 3406 te
1471 3366 1744 3425 magnum
1774 3347 2153 3423 comparasse.
2236 3347 2329 3405 De
2356 3368 2449 3406 ex·-

475 3427 660 3485 ercitu
688 3428 880 3486 dicam
907 3426 1172 3497 breviter,
1203 3437 1266 3485 ut
1306 3438 1533 3485 caetera.
1615 3426 1932 3502 Nunquam
1972 3444 2071 3483 eas
2114 3427 2309 3501 copias
2348 3446 2447 3484 rex

376 3503 446 3556 40
477 3505 783 3564 Deiotarus
811 3506 1030 3576 habuit,
1059 3506 1267 3582 quibus
1294 3506 1505 3565 inferre
1532 3506 1745 3563 bellum
1785 3505 1991 3582 populo
2030 3504 2301 3579 Romano
2326 3524 2448 3582 pos-

476 3593 593 3652 set3
637 3585 736 3641 sed
765 3585 973 3659 quibus
1001 3584 1144 3643 fines
1173 3605 1304 3641 suos
1333 3585 1406 3641 ab
1447 3584 1880 3642 excursionibus
1920 3583 2167 3641 hostium
2196 3594 2255 3641 et
2281 3585 2449 3642 latro·-

476 3662 647 3718 ciniis
673 3672 947 3732 tueretur,
977 3674 1035 3719 et
1063 3662 1495 3739 imperatoribus
1521 3663 1727 3721 nostris
1750 3662 1963 3720 auxilia
1990 3661 2258 3721 mitteret.
2344 3666 2449 3720 At-

473 3757 586 3815 que
641 3751 812 3796 antea
849 3707 1082 3814 quidem
1125 3742 1367 3816 majores
1408 3741 1601 3817 copias
1644 3742 1796 3843 alere
1835 3750 2090 3817 poterat3
2134 3760 2293 3801 nunc
2334 3740 2449 3799 exi-

473 3836 620 3896 guas
646 3818 739 3876 vix
759 3816 908 3875 tueri
934 3828 1132 3892 potest.
