2698 4492
783 283 1055 336 ORATIO
1098 284 1239 334 rao
1281 283 1481 334 men
1498 340 1505 344 ,
1524 282 1857 334 MANILlA.
1990 311 1999 324 .
2327 287 2411 346 55

330 425 556 504 magnis
607 425 788 502 copiis
839 427 1202 485 minitantem
1255 427 1437 498 Asiae,
1476 425 1805 485 retardavit.
1886 424 1965 482 Et
2002 424 2305 501 quisquam

330 505 635 576 dubitabit,
665 506 803 579 quid
829 507 1040 563 virtute
1063 505 1424 600 perfecturus
1450 506 1544 576 sit,
1573 505 1672 580 qui
1698 514 1923 562 tantum
1964 505 2305 562 auctoritate

329 585 674 660 perfecerit?
720 595 819 642 aut
843 603 1018 660 quam
1047 581 1219 641 facile
1261 584 1501 675 imperio
1538 594 1709 658 atque
1736 583 1993 642 exercitu
2021 582 2207 641 socios
2246 592 2305 642 et

329 663 638 798 {ectigalia
663 673 1104 722 conservaturus
1144 662 1238 734 sit,
1265 664 1365 738 qui
1404 663 1527 765 ipso
1566 662 1799 720 nomine
1840 679 1912 720 ao
1952 680 2179 720 rumore
2207 663 2305 720 de·-
2372 735 2408 788 5

353 741 616 799 enderit'l

408 819 578 877 XVI.
648 820 781 896 Age
808 817 967 890 vero,
997 818 1098 876 illa
1122 837 1214 877 res
1241 828 1515 894 quantam
1544 819 1801 877 declarat
1826 819 2085 895 ejusdem
2124 819 2305 878 homi-

329 897 422 954 nis
451 899 601 974 apud
641 899 833 955 hostes
871 909 1085 972 populi
1084 897 1363 954 Romani
1404 897 1825 968 auctoritatem,
1853 896 2010 972 quod
2048 917 2122 955 ex
2158 899 2305 956 locis

329 985 450 1032 tam
489 975 838 1052 longinquiS,
879 984 1110 1050 tamque
1149 975 1409 1045 diversis,
1449 984 1569 1030 tam
1610 975 1767 1032 brevi
1806 986 2077 1051 tempore,
2104 995 2305 1033 omnes

332 1053 436 1110 uni
483 1053 625 1110 huic
673 1073 735 1110 se
787 1053 1170 1111 dediderunt?
1227 1051 1383 1128 quod
1424 1053 1791 1110 Cretensium
1830 1053 2027 1129 legati,
2069 1073 2203 1110 cum
2244 1055 2303 1112 in

332 1149 533 1188 eorum
586 1130 774 1188 insula
833 1140 1026 1189 noster
1079 1131 1385 1208 imperator
1425 1131 1827 1207 exercitusque
1866 1141 2037 1202 esset,
2080 1133 2153 1190 ad
2194 1131 2302 1189 Cn.
2343 1134 2409 1186 10

331 1209 668 1286 Pompeium
707 1210 782 1268 in·
809 1211 1040 1268 ultimas
1076 1209 1249 1286 prope
1287 1219 1469 1268 terras
1497 1220 1795 1281 venerunt,
1824 1209 1991 1285 eique
2020 1229 2081 1266 se
2106 1229 2307 1268 omnes

332 1287 699 1347 Cretensium
753 1288 1016 1346 civitates
1066 1289 1278 1347 dedere
1329 1289 1477 1347 velle
1531 1289 1798 1346 dixerunt
1814 1290 1855 1362 'l-
1904 1288 2109 1350 Quid?
2152 1289 2305 1346 idem

329 1367 439 1424 iste
480 1367 866 1439 Mithridates,
895 1387 1106 1438 nonne,
1136 1369 1209 1426 ad
1235 1369 1485 1426 eundem
1526 1367 1637 1424 Cn.
1667 1367 2023 1444 Pompeium,
2050 1368 2305 1444 legatum

329 1465 510 1522 usque
551 1446 610 1505 in
653 1445 998 1536 Hispaniam
1025 1446 1213 1516 misit;
1255 1465 1503 1522 eumque
1543 1445 1853 1523 Pompeius
1878 1446 2133 1523 legatum
2160 1465 2306 1506 sem-

327 1544 428 1600 per
459 1525 772 1609 judicavit:
814 1525 878 1596 ii,
911 1525 1120 1600 quibus
1155 1543 1377 1601 semper
1418 1534 1543 1582 erat
1580 1525 1903 1596 molestum,
1934 1527 2007 1584 ad
2042 1544 2177 1582 eum
2210 1545 2307 1602 po-
2342 1527 2409 1580 15

329 1599 615 1660 tissimum
643 1623 770 1661 esse
795 1604 1055 1674 missum,
1084 1603 1520 1693 speculatorem,
1548 1601 1721 1679 quam
1756 1603 2031 1680 legatum,
2055 1603 2306 1679 judicari

331 1682 672 1739 maluerunt.
754 1681 1001 1740 Potestis
1041 1681 1216 1758 igitur
1250 1681 1373 1757 jam
1413 1682 1783 1752 constituere,
1823 1682 2111 1771 Quirites,
2150 1683 2305 1739 hanc

335 1760 753 1831 auctoritatem,
795 1760 990 1818 multis
1041 1769 1240 1836 postea
1277 1760 1451 1818 rebus
1490 1760 1687 1836 gestiS,
1728 1760 2067 1836 magnisque
2106 1761 2307 1816 vestris

326 1837 564 1914 judiciis
619 1839 1044 1914 amplificatam,
1087 1836 1367 1913 quantum
1422 1839 1573 1915 apud
1626 1838 1753 1896 illos
1800 1857 1987 1914 regeS,
2026 1835 2307 1914 quantum

333 1917 484 1994 apud
511 1926 738 1975 exteras
763 1917 1044 1988 nationes,
1073 1916 1375 1974 valituram
1404 1935 1530 1974 esse
1558 1916 1911 1974 existimetis.
2338 1915 2413 1970 20

411 1995 730 2071 Reliquum
771 2005 878 2067 est,
909 2005 971 2053 ut
1009 1962 1084 2054 de
1123 1995 1421 2066 felicitate,
1449 2013 1623 2070 quam
1660 2006 1929 2072 praestare
1970 1994 2043 2054 de
2082 2013 2147 2054 se
2187 1994 2309 2072 ipso

331 2093 503 2132 nemo
525 2085 731 2150 potest,
757 2073 1090 2133 meminisse
1111 2083 1169 2132 et
1187 2092 1637 2132 commemorare
1665 2075 1738 2132 de
1772 2075 1951 2132 altero
1986 2092 2307 2150 possumus,

333 2152 486 2208 sicut
537 2172 763 2228 aequum
815 2163 904 2211 est
955 2153 1175 2211 homini
1227 2153 1300 2210 de
1353 2162 1633 2229 potestate
1686 2153 1963 2224 Deorum,
2003 2151 2205 2209 timide
2248 2163 2309 2210 et

332 2249 522 2305 pauca
548 2231 826 2290 dicamus.
907 2231 1036 2308 Ego
1062 2231 1217 2289 enim
1245 2231 1330 2290 sic
1358 2231 1621 2289 existimo
1644 2251 1657 2290 ε
1702 2231 1977 2303 Maximo,
2006 2229 2307 2302 Marcelle,

338 2308 616 2383 Scipioni,
645 2308 856 2380 Mario,
883 2318 943 2367 et
982 2309 1206 2367 caeteris
1245 2310 1473 2385 magnis
1499 2309 1953 2385 imperatoribus,
1981 2328 2097 2367 non
2124 2309 2309 2367 solum
2340 2316 2413 2369 25

334 2394 560 2463 propter
587 2387 874 2457 virtutem,
903 2387 1006 2444 sed
1032 2388 1208 2444 etiam
1237 2397 1463 2463 propter
1504 2386 1810 2458 fortunam,
1838 2388 2044 2463 saepius
2069 2387 2311 2463 imperia

334 2464 628 2535 mandata,
671 2475 842 2541 atque
887 2464 1176 2523 exercitus
1213 2484 1340 2522 esse
1381 2464 1731 2523 commissos.
1814 2464 1954 2522 Fuit
1992 2464 2147 2523 enim
2186 2484 2311 2541 pro-

335 2541 490 2601 fecto
531 2544 875 2619 quibusdam
915 2543 1154 2601 summis
1193 2542 1328 2601 viris
1368 2543 1629 2618 quaedam
1672 2544 1745 2600 ad
1786 2543 2217 2620 amplitudinem
2253 2553 2311 2601 et

333 2622 595 2697 gloriam,
625 2632 682 2679 et
713 2622 784 2680 ad
813 2642 905 2679 res
931 2641 1172 2699 magnas
1212 2620 1361 2679 bene
1405 2621 1705 2698 gerendaS,
1734 2621 2009 2679 divinitus
2038 2621 2312 2698 adjuncta

333 2700 600 2759 fortuna:
655 2701 729 2758 de
777 2702 946 2777 hujus
1003 2710 1193 2757 autem
1247 2700 1497 2759 hominis
1551 2700 1845 2773 felicitate,
1886 2720 2001 2777 quo
2038 2702 2112 2759 de
2151 2721 2310 2760 nunc
2341 2707 2415 2763 30

335 2780 580 2855 agimuS,
611 2782 722 2837 hac
764 2788 892 2837 utar
927 2780 1316 2837 moderatione
1345 2778 1599 2849 dicendi,
1628 2799 1742 2837 non
1770 2790 1840 2837 ut
1860 2780 1920 2837 in
1950 2780 2103 2837 illius
2126 2790 2310 2857 potes-

333 2868 453 2915 tate
493 2858 779 2916 fortunam
831 2858 1074 2935 positam
1115 2878 1241 2915 esse
1282 2858 1496 2928 dicam,
1538 2858 1640 2915 sed
1681 2868 1745 2916 ut
1781 2858 2071 2935 praeterita
2111 2859 2311 2917 memi-

335 2936 510 3007 nisse,
533 2938 753 3012 reliqua
773 2956 1000 3013 sperare
1022 2937 1348 3013 v‚ideamur;
1391 2956 1467 2993 ne
1495 2946 1595 2994 aut
1622 2936 1805 2995 invisa
1831 2937 1962 2996 Diis
1982 2936 2311 2997 immortali-

297 3040 302 3045 ·
337 3015 444 3072 bus
469 3016 651 3074 oratio
676 3026 889 3087 nostra,
919 3026 1017 3073 aut
1044 3016 1289 3091 ingrata,
1319 3034 1447 3073 esse
1472 3015 1750 3075 videatur.

415 3093 618 3169 Itaque
677 3114 793 3153 non
834 3113 962 3151 sum
1012 3094 1446 3191 praedicaturus,
1485 3093 1770 3165 Quirites,
1798 3104 2043 3170 quantas
2082 3092 2179 3153 ille
2219 3114 2311 3153 res
2343 3104 2415 3157 35
2508 3156 2517 3165 ,

337 3171 491 3229 domi
519 3173 870 3247 militiaeque,
892 3172 1046 3231 terra
1073 3173 1351 3247 marique,
1374 3172 1701 3249 quantaque
1732 3173 2005 3231 felicitate
2034 3173 2307 3249 gesserit:

338 3260 402 3307 ut
441 3250 565 3326 ejus
618 3271 840 3328 semper
895 3250 1279 3310 voluntatibus
1332 3270 1453 3308 non
1506 3250 1677 3309 modo
1734 3252 1889 3310 cives
1944 3250 2309 3321 assenserint,

337 3328 480 3387 socii
519 3330 983 3406 obtemperarint,
1013 3331 1202 3387 hostes
1239 3328 1592 3400 obedierint,
1620 3330 1722 3386 sed
1762 3328 1935 3386 etiam
1978 3327 2131 3385 venti
2172 3338 2313 3385 tem-

335 3418 697 3484 pestatesque
747 3408 1212 3466 obsecundarint.
1297 3407 1431 3465 Hoc
1483 3405 1817 3465 brevissime
1872 3407 2085 3476 dicam,
2132 3407 2313 3465 nemi·

339 3506 472 3545 nem
513 3505 767 3561 unquam
805 3497 925 3544 tam
967 3486 1358 3563 impudentem
1399 3484 1595 3555 fuisse,
1623 3484 1723 3560 qui
1752 3504 1787 3543 a
1825 3484 1957 3542 Diis
1984 3484 2312 3543 immortali-
2344 3493 2415 3549 40

338 3567 446 3622 bus
483 3576 566 3625 tot
592 3574 652 3623 et
677 3575 866 3623 tantas
906 3585 998 3623 res
1036 3565 1251 3623 tacitus
1291 3564 1551 3621 auderet
1566 3573 1781 3640 opta-re,
1810 3574 1947 3639 quot
1986 3573 2045 3621 et
2070 3574 2313 3640 quantas

337 3642 438 3701 Dii
480 3644 828 3702 immortales
871 3645 944 3702 ad
985 3644 1094 3701 Cn.
1123 3640 1475 3719 Pompeium
1502 3642 1847 3701 detulerunt.
1927 3643 2106 3705 Quod
2136 3654 2200 3701 ut
2227 3642 2311 3700 illi

336 3724 624 3801 proprium
667 3742 736 3781 ac
773 3733 1111 3800 perpetuum
1151 3722 1245 3789 sit,
1269 3720 1559 3795 Quirites,
1588 3719 1724 3781 cum
1754 3720 2092 3783 communis
2112 3721 2313 3779 salutis
