2698 4492
719 258 995 307 ORATIO
1038 258 1177 309 PRO
1221 259 1284 309 T.
1310 258 1562 309 ,ANNIO
1608 258 1907 309 MILONE.
2304 257 2418 317 115

410 401 543 459 Nec
571 400 705 459 vero
736 402 822 460 sic
848 412 973 459 erat
1000 414 1255 475 unquam
1282 422 1399 459 non
1426 413 1660 479 paratus
1699 401 1846 461 Milo
1885 410 2088 459 contra
2127 401 2312 473 illum,

332 492 396 539 ut
434 501 551 539 non
592 482 731 537 satis
760 480 879 538 fere
910 491 1061 539 esset
1085 490 1335 556 paratus.
1421 483 1660 557 Semper
1689 482 1805 552 ille,
1835 492 1894 539 et
1919 491 2198 555 quantum
2227 481 2313 538 in-

332 571 573 619 teresset
619 560 683 617 P.
728 560 943 631 Clodii,
988 579 1051 616 se
1096 559 1303 635 perire,
1346 569 1406 617 et
1459 570 1674 633 quanto
1727 560 1810 617 illi
1856 560 1988 617 odio
2041 574 2212 631 esset,
2254 566 2314 619 et

332 638 611 715 quantum
648 639 745 697 ille
791 640 1047 709 auderet,
1078 637 1386 713 cogitabat.
1465 638 1866 699 Quamobrem
1907 638 2082 695 vitam
2127 656 2312 709 suam,

333 737 507 795 quam
548 718 813 774 maximis
851 716 1101 793 praemiis
1127 716 1471 791 propositam
1499 726 1557 773 et
1581 716 1729 792 pene
1755 718 2044 773 addictam
2073 717 2313 789 sciebat,
2385 716 2440 777 5'

334 814 633 870 nunquam
661 796 723 851 in
757 796 1078 871 periculum
1120 794 1244 851 sine
1283 796 1550 870 praesidio
1588 804 1647 851 et
1686 795 1811 851 sine
1852 796 2114 852 custodia
2152 796 2318 872 proji-

338 876 547 933 ciebat.
630 874 803 930 Adde
844 892 1033 943 casus,
1078 874 1225 929 adde
1266 873 1516 930 incertos
1556 873 1742 929 exitus
1780 892 2124 948 pugnarum,
2163 874 2319 932 Mar-

306 978 313 985 ·
337 964 571 1027 temque
599 970 965 1009 communem
987 974 1001 1021 3
1043 952 1142 1025 qui
1171 970 1321 1026 saepe
1343 951 1682 1026 spoliantem
1705 951 1826 1026 jam
1853 960 1911 1007 et
1938 952 2317 1009 exsultantem

341 1032 564 1101 evertit,
593 1040 652 1087 et
691 1030 939 1104 perculit
968 1030 1039 1086 ab
1070 1030 1312 1105 abjecto.
1379 1030 1570 1086 Adde
1611 1029 1900 1086 inscitiam
1939 1031 2154 1105 pransi,
2181 1032 2318 1106 poti,

340 1110 641 1168 oscitantis
667 1107 853 1177 ducis,
878 1108 994 1181 qui,
1014 1106 1151 1165 oiim
1176 1126 1209 1164 a
1233 1118 1398 1184 tergo
1418 1109 1639 1165 hostem
1661 1107 2038 1164 interclusum
2066 1109 2322 1183 reliquis-
2363 1114 2428 1167 10

342 1199 449 1259 set,
478 1188 621 1246 nihil
664 1188 735 1245 de
777 1186 901 1261 ejus
940 1182 1210 1245 extremis
1250 1187 1560 1263 comitibus
1599 1186 1903 1263 cogitavit3
1948 1187 2008 1243 in
2049 1206 2209 1261 quOS,
2239 1189 2323 1245 in-

342 1287 547 1325 censos
575 1266 680 1337 ira,
708 1266 998 1340 vitamque
1026 1266 1245 1323 domini
1280 1266 1668 1341 desperanteS‚
1699 1263 1836 1322 cum
1865 1266 2182 1337 incidisset,
2213 1268 2324 1324 hae-

342 1347 415 1403 sit
444 1347 503 1403 in
532 1346 602 1403 iis
628 1346 833 1421 poeniS,
864 1364 1005 1418 quas
1048 1346 1121 1401 ab
1161 1364 1231 1402 eo
1270 1344 1419 1401 servi
1459 1344 1660 1401 fideles
1699 1364 1800 1420 pro
1841 1344 2057 1402 domini
2085 1346 2202 1402 vita
2229 1366 2324 1403 ex-

340 1425 679 1501 petiverunt.
762 1424 885 1481 Cur
930 1424 1103 1500 igitur
1140 1443 1239 1481 eos
1282 1424 1656 1481 manumisit?
1725 1422 2046 1494 Metuebat,
2077 1425 2321 1495 scilicet,

342 1524 417 1562 ne
435 1504 795 1572 indicarent3
839 1523 913 1560 ne
934 1503 1189 1560 dolorem
1208 1502 1460 1577 perferre
1481 1522 1596 1559 non
1613 1512 1874 1577 possent3
1918 1522 1993 1560 ne
2021 1504 2324 1561 tormentis
2364 1497 2431 1551 15

346 1593 707 1659 cogerentur,
736 1582 997 1639 occisum
1040 1600 1168 1658 esse
1214 1600 1248 1637 a
1290 1581 1469 1637 servis
1512 1580 1750 1638 Milonis
1793 1582 1854 1639 in
1901 1582 2092 1657 Appia
2127 1583 2222 1640 via
2258 1582 2321 1639 P.

346 1661 637 1730 Clodium,
693 1660 971 1717 confiteri.
1051 1659 1220 1720 Quid
1274 1678 1416 1735 opus
1457 1670 1545 1716 est
1583 1661 1837 1717 tortore?
1897 1661 2035 1735 quid
2075 1662 2324 1735 quaeris‘l

346 1739 743 1797 occideritne?
784 1738 1017 1796 occidit.
1100 1738 1136 1795 J
1143 1758 1264 1808 ure,
1296 1758 1370 1795 an
1411 1738 1663 1813 injuria?
1715 1739 1862 1796 nihil
1905 1739 1976 1795 ad
2017 1749 2323 1797 tortorem:

350 1818 489 1875 sacti
518 1818 673 1874 enim
701 1818 761 1875 in
790 1818 1037 1891 equuleo
1060 1818 1299 1891 quaestio
1324 1828 1431 1887 est,
1456 1817 1600 1893 juris
1629 1817 1689 1875 in
1711 1816 1949 1892 judicio.

428 1896 636 1954 XXII.
703 1896 885 1957 Quod
926 1896 1101 1972 igitur
1143 1897 1203 1953 in
1245 1896 1424 1953 causa
1464 1897 1837 1972 quaerendum
1864 1906 1971 1967 est,
2001 1896 2060 1953 id
2091 1914 2330 1973 agamus
2365 1900 2438 1953 20

349 1974 480 2033 hic:
523 1976 675 2050 quod
720 1975 1019 2033 tormentis
1062 1975 1320 2033 invenire
1365 1975 1470 2047 viS,
1515 1975 1574 2031 id
1619 1976 1878 2033 fatemur.
1963 1974 2148 2033 Manu
2191 1974 2328 2032 vero

350 2074 455 2112 cur
496 2054 733 2125 miserit,
776 2055 825 2111 si
880 2054 939 2111 id
980 2052 1169 2129 potius
1210 2054 1439 2130 quaeri5‚
1487 2052 1660 2129 quam
1715 2072 1818 2111 cur
1870 2073 2073 2131 parum
2129 2054 2332 2130 amplis

353 2134 610 2203 affecerit
634 2132 918 2209 proemiis3
962 2134 1154 2190 nescis
1182 2133 1406 2191 inimici
1425 2133 1640 2190 factum
1663 2134 2100 2209 reprehendere.
2170 2133 2334 2190 Dixit

353 2212 510 2270 enim
538 2212 636 2269 hic
665 2212 840 2282 idem,
868 2210 965 2286 qui
998 2212 1194 2269 omnia
1236 2230 1460 2288 semper
1503 2221 1833 2270 constanter
1877 2205 1935 2269 e't
1979 2212 2216 2283 fortiter,
2247 2210 2331 2268 M.

354 2291 523 2360 Cat0,
570 2291 825 2364 dixitque
880 2291 941 2347 in
995 2291 1328 2346 turbulenta
1383 2290 1664 2347 concione
1747 2309 1874 2364 quae
1922 2301 2117 2346 tamen
2165 2289 2335 2365 hujus
2371 2293 2444 2345 25

259 2388 262 2391 ’
357 2367 696 2425 auctoritate
737 2367 969 2442 placata
1009 2367 1147 2456 est),
1176 2386 1291 2424 non
1334 2367 1601 2425 libertate
1645 2367 1850 2438 solum,
1880 2369 1982 2424 sed
2017 2368 2194 2424 etiam
2220 2387 2338 2424 omf-

356 2446 528 2504 nibus
569 2445 837 2522 praemiis,
876 2445 1243 2521 dignissimos
1286 2445 1484 2516 fuisse,
1527 2445 1625 2520 qui
1669 2445 1887 2502 domini
1930 2455 2102 2521 caput
2145 2446 2340 2502 defen-

356 2526 592 2582 dissent.
674 2524 855 2585 Quod
903 2523 1060 2580 enim
1100 2524 1410 2600 praemium‘
1441 2523 1579 2580 satis
1605 2541 1882 2600 magnum
1909 2535 1996 2581 est
2021 2535 2138 2581 tam
2167 2526 2340 2581 bene-

356 2605 517 2675 volis,
546 2614 665 2661 tam
693 2603 877 2674 boniS,
905 2613 1025 2660 tam
1052 2603 1320 2660 fidelibus
1365 2602 1562 2673 serviS,
1589 2611 1814 2678 propter
1842 2623 1982 2678 quos
2007 2604 2185 2660 vivit?
2233 2603 2340 2661 etsi

298 2719 303 2724 ·
358 2684 417 2741 id
459 2683 692 2758 quidem
739 2702 854 2740 non
898 2681 1045 2739 tanti
1089 2692 1195 2753 est,
1224 2679 1398 2756 quam
1444 2679 1619 2756 quod,
1659 2691 1886 2758 propter
1932 2683 2184 2754 eosdem,
2225 2703 2341 2740 non
2375 2681 2449 2736 30

358 2763 641 2839 sanguine
694 2769 753 2818 et
808 2759 1139 2818 vulneribus
1192 2760 1311 2817 suis
1367 2759 1752 2818 crudelissimi
1805 2760 2030 2819 inimici
2086 2772 2342 2819 mentem

356 2843 667 2916 oculosque
702 2839 947 2898 satiavit.
1028 2839 1199 2900 Quos
1225 2839 1338 2898 nisi
1367 2839 1812 2912 manumisisset,
1840 2841 2138 2898 tormentis
2164 2841 2342 2898 etiam

360 2921 608 2980 dedendi
638 2919 880 2977 fuissent
906 2931 1335 2978 conservatores
1363 2918 1600 2989 domini,
1623 2919 1836 2976 ultores
1863 2919 2118 2991 sceleris,
2149 2920 2346 2979 defen-

361 3019 517 3058 sores
541 2999 722 3056 necis.
806 2998 927 3056 Hic
954 2996 1089 3056 vero
1119 2999 1262 3056 nihil
1284 2998 1482 3055 ·habet
1525 2998 1586 3055 in
1629 2998 1720 3054 his
1755 2999 1941 3069 maiia,
1973 3000 2125 3072 quod
2151 2997 2346 3055 minus

362 3077 601 3135 moleste
652 3079 816 3149 ferat,
845 3075 1039 3152 quam,
1068 3078 1245 3135 etiam
1286 3077 1335 3134 si
1377 3076 1516 3150 quid
1559 3076 1668 3154 ipsi
1710 3077 1960 3149 accidat,
1989 3097 2116 3134 esse
2149 3087 2345 3134 tamen
2381 3077 2454 3132 35

364 3156 477 3224 illis
504 3157 773 3214 meritum
799 3157 1100 3232 praemium
1124 3156 1494 3232 persolutum.

445 3235 563 3304 Sed
590 3234 933 3309 quaestiones
958 3246 1169 3312 urgent
1208 3234 1510 3306 Milonem,
1539 3253 1666 3308 quae
1695 3244 1828 3291 sunt
1855 3234 2066 3291 habitae
2095 3251 2254 3290 nunc
2287 3233 2347 3290 in

367 3314 511 3371 atrio
539 3314 866 3371 Libertatis.
942 3314 1322 3378 Quibusnam
1351 3315 1423 3372 de
1445 3313 1662 3370 servis?
1703 3313 1911 3388 rogas'l
1953 3313 2027 3369 de
2048 3311 2112 3368 P.
2135 3311 2346 3369 Clodii.

362 3393 520 3454 Quis
585 3413 683 3450 eos
748 3393 1093 3469 postulavit?
1176 3393 1417 3469 Appius.
1497 3391 1654 3453 Quis
1714 3391 2022 3468 produxit?
2104 3390 2346 3468 AppiuS.

364 3471 576 3529 Unde?
636 3473 709 3528 ab
752 3473 957 3548 Appio,
1042 3472 1143 3530 Dii
1170 3471 1339 3530 boni!
1391 3471 1528 3546 quid
1555 3479 1741 3547 potest
1770 3469 1864 3546 agi
1893 3468 2187 3527 severius?
2256 3468 2350 3526 De
2385 3469 2458 3523 40

366 3551 543 3608 servis
568 3551 731 3608 nulla
756 3552 996 3627 quaestio
1038 3562 1125 3608 est
1160 3551 1221 3608 in
1264 3551 1580 3620 dominum,
1609 3549 1722 3607 nisi
1767 3549 1840 3606 de
1876 3549 2124 3620 incestu,
2152 3557 2218 3606 ut
2244 3549 2353 3606 fuit

368 3630 427 3687 in
457 3631 745 3688 Clodium.
829 3629 1096 3688 Proxime
1137 3629 1292 3688 Deos
1338 3629 1587 3687 accessit
1629 3629 1892 3700 Clodius,
1919 3627 2150 3706 propius
2178 3625 2351 3702 quam

367 3718 511 3780 tum,
541 3707 677 3767 cum
724 3709 797 3766 ad
840 3709 989 3785 ipsos
1029 3709 1391 3784 penetratam
1435 3707 1602 3784 cujus
1629 3707 1702 3766 de
1730 3719 1931 3779 morte,
1958 3718 2236 3782 tanquam
2279 3707 2352 3762 de

370 3788 729 3846 caeremoniis
754 3788 1000 3860 violatis,
1028 3786 1317 3864 quaeritur.
1403 3787 1522 3844 Sed
1564 3796 1760 3844 tamen
1802 3786 2050 3863 majores
2083 3785 2262 3845 nostri
2291 3785 2351 3840 in
