2698 4492
316 298 358 358 S
853 295 1130 345 ORATIO
1175 294 1219 344 1.
1264 294 1341 344 IN
1388 295 1449 344 L.
1495 293 1924 344 CATILINAM.

417 437 547 496 licae
596 438 924 511 consilium,
969 457 1158 514 neque
1207 437 1518 496 auctoritas
1558 437 1728 514 hujus
1769 435 2023 496 ordinis:
2079 456 2206 503 nos,
2250 458 2382 512 nos,

418 517 554 574 dico
582 515 799 592 aperte,
829 518 1097 575 consules
1122 517 1412 574 desumus

498 595 581 652 ΙΙ.
666 596 942 654 Decrevit
981 597 1271 672 quondam
1298 605 1554 666 senatus,
1583 605 1648 653 ut
1673 594 1742 653 L.
1771 592 2041 670 Opimius
2069 596 2270 653 consul
2300 597 2384 653 vi-

419 673 601 748 deret,
631 695 706 732 ne
733 675 870 750 quid
900 673 1224 751 respublica
1252 674 1583 732 detrimenti
1612 687 1861 749 caperet.
1944 672 2081 732 Nox
2107 674 2266 732 nulla
2293 674 2382 732 in-

313 755 350 808 5
419 754 714 812 tercessit:
759 754 1096 812 interfectus
1123 763 1229 824 est,
1258 764 1487 830 propter
1514 754 1791 829 quasdam
1819 752 2168 810 seditionum
2195 754 2381 829 suspi-

419 833 637 905 cioneS,
658 832 727 890 C.
744 832 1069 905 GracchuS,
1088 831 1406 892 clarissimo
1423 842 1604 910 patre,
1625 851 1747 903 avo,
1766 832 2108 907 majoribus:
2145 833 2378 891 occisus

418 924 505 969 est
548 930 683 968 cum
710 912 904 969 liberis
943 911 1025 969 M.
1057 911 1316 984 Fulvius,
1346 911 1682 969 consularis.
1767 910 1955 968 Simili
1981 911 2380 968 senatus-con-

419 990 588 1061 sulte,
612 990 681 1048 C.
702 990 891 1048 Mario
912 1001 971 1048 et
994 991 1058 1048 L.
1082 991 1338 1067 Valerio,
1362 990 1717 1062 consulibus,
1735 988 2014 1065 permissa
2034 998 2121 1046 est
2144 991 2379 1066 respub-

418 1068 534 1126 lica
558 1089 571 1126 :
617 1089 753 1127 num
778 1089 955 1126 unum
978 1071 1134 1128 diem
1151 1081 1349 1146 postea
1371 1069 1438 1126 L.
1461 1069 1836 1127 Saturninum
1855 1067 2147 1125 tribunum
2169 1069 2375 1144 plebis,

320 1155 384 1207 10
419 1159 478 1205 et
505 1149 573 1206 C.
607 1150 910 1206 Servilium
940 1159 1260 1224 praetorem,
1280 1167 1432 1205 mors
1461 1167 1531 1204 ac
1550 1147 1882 1222 reipublicae
1899 1165 2071 1222 poena
2091 1157 2378 1205 remorata

419 1229 551 1285 est'l
633 1228 716 1284 At
743 1247 849 1286 nos
876 1229 1213 1297 vicesimum
1236 1227 1356 1302 jam
1385 1226 1538 1282 diem
1567 1225 1816 1300 patimur
1843 1225 2156 1282 hebescere
2188 1225 2376 1282 aciem

420 1307 625 1363 horum
656 1305 1026 1364 auctoritatis
1111 1305 1414 1361 Habemus
1441 1304 1597 1360 enim
1629 1303 1953 1379 hujusmodi
1982 1303 2377 1371 senatus-con-

420 1385 653 1457 sultum,
682 1395 1058 1442 veruntamen
1100 1380 1389 1440 inclusum
1431 1381 1490 1439 in
1531 1382 1761 1452 tabulis,
1805 1393 2075 1457 tanquam
2117 1381 2375 1458 gladium

420 1463 479 1519 in
522 1463 733 1538 vagina
772 1463 1169 1532 reconditum;
1223 1481 1335 1537 quo
1376 1481 1450 1518 ex
1488 1461 2028 1532 senatus-consultO,
2072 1460 2375 1518 confestim
2411 1489 2416 1492 ·

318 1545 385 1600 15
420 1541 786 1598 intersectum
814 1551 883 1600 te,
900 1561 1047 1612 esse,
1077 1541 1352 1611 Catilina,
1378 1540 1664 1597 convenit.
1749 1539 1944 1610 Vivis3
1987 1550 2047 1596 et
2073 1540 2234 1610 viviS,
2259 1559 2375 1597 non

420 1619 505 1677 ad.
535 1620 957 1696 deponendam,
995 1621 1096 1677 sed
1141 1620 1212 1676 ad
1254 1619 1730 1689 confirmandam,
1761 1619 2082 1676 audaciam.
2166 1618 2375 1694 Cupio,

420 1699 622 1757 Patres
664 1699 1012 1774 Conscripti,
1042 1719 1135 1756 me
1176 1718 1301 1756 esse
1330 1698 1676 1755 clementem
1701 1717 1714 1755 ι
1759 1697 1949 1772 cupio,
1980 1697 2038 1754 in
2066 1698 2242 1754 tantis
2269 1697 2378 1754 rei-

416 1778 666 1854 publicae
707 1779 995 1855 periculiS,
1039 1798 1133 1836 me
1174 1797 1291 1836 non
1332 1778 1672 1836 dissolutum
1713 1774 1926 1834 videri:
1983 1777 2086 1834 sed
2122 1775 2244 1853 jam
2282 1795 2377 1833 me

420 1858 541 1933 ipse
572 1857 791 1914 inertiae
820 1857 1202 1933 nequitiaeque
1232 1856 1572 1914 condemnO.

313 1945 385 1999 20
501 1936 707 1993 Castra
734 1948 868 1994 sunt
896 1937 955 1993 in
983 1935 1175 2006 Italia,
1205 1945 1407 1994 contra
1434 1935 1870 2012 rempublicam,
1895 1934 1955 1991 in
1983 1933 2229 1992 Etruriae
2258 1933 2378 1992 fau-

421 2015 587 2072 cibus
615 2014 929 2072 collocata:
973 2015 1183 2072 crescit
1223 2015 1283 2071 in
1324 2014 1451 2070 dies
1491 2014 1748 2090 singulos
1791 2013 2039 2071 hostium
2069 2032 2374 2071 numerus:

419 2112 619 2151 eorum
650 2104 839 2150 autem
868 2093 1266 2168 imperatorem
1296 2102 1634 2164 castrorum,
1659 2092 1981 2169 ducemque
2004 2093 2271 2163 hostium,
2295 2090 2380 2147 in·

420 2187 509 2230 tra
551 2171 783 2243 moenia,
830 2185 999 2249 atque
1044 2169 1189 2230 adeo
1238 2171 1298 2228 in
1340 2181 1566 2242 senatu,
1596 2171 1876 2243 videmuS,
1907 2173 2234 2229 intestinam
2281 2169 2380 2226 ali-

421 2272 593 2328 quam
635 2252 887 2328 quotidie
928 2251 1243 2328 perniciem
1272 2250 1604 2326 reipublicae
1633 2252 1981 2309 molientem.
2066 2252 2131 2308 Si
2159 2261 2216 2308 te
2238 2250 2376 2326 jam,

313 2337 386 2391 25
422 2331 697 2403 Catilina,
735 2331 1166 2408 comprehendi,
1209 2330 1259 2387 si
1301 2330 1570 2402 interfici,
1607 2329 1863 2406 jusser03
1907 2329 2100 2400 crede,
2141 2330 2250 2393 erit
2289 2344 2396 2385 ve-·

420 2412 665 2469 rendum
709 2411 871 2483 mihi,
901 2431 975 2469 ne
1018 2430 1135 2468 non
1179 2410 1291 2467 hoc
1337 2408 1528 2485 potius
1570 2430 1772 2467 omnes
1801 2410 1936 2467 boni
1965 2409 2149 2467 serius
2191 2427 2226 2465 a
2265 2426 2378 2477 me,

380 2562 388 2573 .
420 2490 591 2566 quam
633 2492 932 2567 quisquam
974 2487 1287 2560 crudeliuS,
1326 2490 1542 2546 factum
1571 2506 1713 2547 ‘esse
1754 2489 1926 2545 dicat.
2010 2486 2232 2546 Verum
2272 2505 2381 2561 ego

421 2570 554 2641 hoc,
584 2570 733 2646 quod
772 2570 1115 2646 jampridem
1160 2567 1378 2625 factum
1418 2587 1545 2625 esse
1585 2566 1853 2643 oportuit,
1883 2564 2042 2622 certa
2076 2565 2149 2620 de
2180 2565 2378 2635 causa,

420 2649 679 2706 nondum
712 2649 987 2718 adducor,
1017 2657 1079 2704 ut
1108 2647 1335 2704 faciam.
1423 2646 1582 2703 Tum
1622 2644 1870 2719 denique
1913 2642 2260 2699 interficiam
2303 2652 2379 2714 te,

314 2728 387 2783 30
423 2724 560 2784 οὔπη
582 2726 703 2802 jam
732 2745 903 2783 nemo
930 2736 1048 2783 tarn
1092 2724 1404 2800 improbus,
1433 2734 1552 2781 tam
1595 2722 1871 2799 perditus»,
1901 2732 2018 2779 tam
2046 2722 2131 2779 tui
2159 2721 2380 2794 similis,

422 2805 667 2863 inveniri
688 2804 913 2879 poterit,
938 2804 1035 2879 qui
1059 2804 1117 2861 id
1141 2823 1256 2861 non
1274 2802 1403 2879 jure
1428 2803 1646 2859 factum
1673 2820 1798 2877 esse
1829 2800 2090 2859 fateatur.
2147 2801 2383 2863 'Quam-

422 2884 523 2942 diu
561 2882 861 2959 quisquam
903 2884 1030 2953 erit,
1059 2883 1157 2958 qui
1198 2894 1255 2941 te
1300 2880 1612 2939 defendere
1658 2881 1886 2951 audeat,
1915 2880 2101 2938 vives:
2144 2892 2202 2938 et
2230 2881 2383 2937 vives

423 2963 523 3035 ita,
552 2973 615 3020 ut
643 2982 802 3019 nunc
847 2961 1005 3033 viviS,
1036 2961 1229 3019 multis
1272 2960 1417 3017 meis
1454 2971 1513 3018 et
1554 2960 1732 3017 firmis
1773 2960 2054 3035 praesidiis
2095 2961 2381 3030 obsessus,

424 3061 498 3099 ne
541 3059 901 3099 commovere
943 3051 999 3097 te
1042 3050 1245 3097 contra
1284 3040 1703 3115 rempublicam
1729 3039 1946 3116 possis:
1989 3040 2298 3096 multorum
2327 3051 2382 3095 te

315 3130 388 3185 35
423 3120 597 3178 etiam
639 3119 794 3178 oculi
822 3130 881 3177 et
910 3139 1097 3189 aureS,
1126 3138 1241 3176 non
1271 3120 1638 3191 sentientem,
1671 3117 1848 3197 (sicut
1878 3119 2068 3176 adhuc
2093 3116 2379 3195 fecerunt)

424 3200 877 3276 speculabuntur
907 3210 1075 3274 atque
1104 3198 1452 3255 custodient.

502 3278 618 3337 III.
702 3278 936 3336 Etenim
965 3276 1102 3353 quid
1130 3286 1237 3347 est,
1262 3276 1538 3347 Catilina,
1561 3276 1712 3352 quod
1734 3275 1855 3352 jam
1886 3273 2131 3351 amplius
2152 3293 2385 3351 exspec-

422 3370 531 3430 teS,
578 3359 628 3416 si
672 3378 861 3434 neque
903 3376 1019 3415 nox
1070 3356 1325 3413 tenebris
1373 3356 1682 3413 obscurare
1730 3365 1914 3412 coetus
1957 3355 2225 3426 nesariOS,
2275 3372 2384 3411 nec

424 3437 646 3515 privata
673 3439 878 3496 domus
904 3436 1218 3513 parietibus
1247 3435 1544 3493 continere
1575 3454 1774 3491 vocem
1817 3432 2232 3509 conjurationis
2273 3443 2397 3490 tuae·

318 3522 390 3575 40
423 3517 653 3592 potest'l
695 3516 743 3573 si
772 3515 1149 3582 illustrantur,
1172 3514 1221 3571 si
1243 3523 1554 3589 erumpunt
1579 3512 1818 3571 omnia'!
1883 3512 2046 3570 Muta
2060 3513 2188 3588 -jam
2219 3513 2384 3569 istam

425 3604 677 3652 mentem
703 3614 715 3652 :
760 3593 902 3663 mihi
930 3593 1139 3650 crede:
1180 3592 1520 3662 obliviscere
1550 3592 1747 3662 caedis,
1774 3601 1942 3667 atque
1965 3592 2382 3649 incendiorum.

425 3673 677 3732 Teneris
715 3671 1006 3747 undique:
1064 3670 1193 3727 luce
1235 3680 1372 3727 sunt
1408 3670 1652 3727 clariora
1679 3670 1844 3727 nobis
1871 3680 1972 3726 tua
2000 3670 2245 3726 consilia
2268 3688 2384 3725 om-

429 3752 559 3810 nia:
606 3771 733 3827 quae
756 3750 930 3808 etiam
953 3766 1181 3804 mecum
1200 3748 1337 3805 licet
1361 3768 1758 3824 recognoscas
1829 3746 2248 3817 Meministine,
2270 3766 2381 3815 me,

428 3841 562 3889 ante
578 3831 731 3888 diem
754 3828 899 3887 XII.
933 3823 1225 3885 Calendas
1251 3826 1619 3898 Novembris,
1638 3827 1832 3884 dicere
1855 3826 1915 3882 in
1933 3826 2160 3895 senatu,
2184 3825 2304 3882 fore
2323 3824 2380 3881 in
