2698 4492
319 266 402 326 42
803 255 1077 308 ORATIO
1119 255 1213 306 lv.
1257 255 1334 314 m
1380 255 1442 306 1..
1488 253 1916 307 CATILINAM.

417 409 652 460 ornetur
694 399 836 459 alter
875 398 1089 458 eximii
1127 398 1300 460 laude
1343 398 1680 471 Africanus,
1720 399 1821 476 qui
1860 399 2007 458 duas
2046 399 2221 460 urbes
2258 400 2403 462 huic

421 479 660 555 imperio
698 479 1116 550 infestissimas,
1145 479 1562 556 Carthaginem
1602 478 2120 554 Numantiamque,
2148 479 2399 541 delevit:

421 558 700 616 habeatur
739 558 826 616 vir
865 557 1134 634 egregius
1173 557 1242 616 L.
1271 557 1507 630 Paulus,
1536 558 1655 630 ille,
1684 558 1850 634 cujus
1891 577 2126 616 currum
2165 578 2267 617 rex
2302 579 2401 635 po-

419 637 776 695 tentissimus
813 637 1102 712 quondam
1139 646 1200 695 et
1237 636 1647 708 nobilissimus,
1674 636 1899 707 Perses,
1928 637 2282 695 honestavit:
2322 639 2401 696 sit

353 727 392 782 5
422 715 482 773 in
523 716 738 773 aeternfi
779 715 961 792 gloria
1003 714 1246 787 Marius,
1275 715 1376 791 qui
1416 715 1505 772 bis
1545 715 1777 773 Italiam
1802 715 2101 775 obsidione
2140 725 2200 774 et
2238 727 2399 775 metu

420 794 709 852 servitutis
761 793 1060 854 liberavit:
1119 804 1493 871 anteponatur
1538 794 1805 852 omnibus
1858 793 2181 872 Pompeiae,
2230 796 2397 871 cujus

419 893 514 931 res
539 884 714 949 gestae
743 884 912 948 atque
932 872 1169 931 virtutes
1189 873 1414 945 iisdem,
1433 873 1643 949 quibus
1661 873 1795 932 solis
1816 891 2037 944 cursus,
2065 874 2397 950 regionibus

422 970 494 1010 ac
519 952 779 1010 terminis
807 951 1189 1011 continentur.
1270 951 1401 1010 Erit
1438 950 1715 1046 profecti),
1746 951 1893 1010 inter
1934 952 2137 1010 horum
2172 952 2395 1024 laudes,

422 1031 639 1106 aliquid
677 1030 791 1090 loci
831 1041 1037 1090 nostrae
1079 1029 1322 1128 gloriae3
1378 1030 1493 1090 nisi
1535 1028 1677 1089 forte
1720 1030 1905 1107 majus
1945 1043 2033 1088 est
2068 1030 2397 1120 patefacere

329 1118 394 1172 10
420 1110 586 1169 nobis
622 1110 965 1200 provinciaS,
993 1108 1108 1184 quo
1149 1110 1308 1168 exire
1320 1109 1645 1206 possimus,
1672 1127 1847 1184 quam
1876 1127 2100 1180 curare,
2128 1119 2194 1166 ut
2218 1109 2395 1168 etiam

421 1188 526 1260 illi,
553 1189 660 1271 qui
681 1191 908 1261 absunt,
937 1189 1207 1259 habeant,
1233 1187 1351 1264 quo
1379 1188 1622 1246 victores
1648 1198 2020 1246 revertantur.

498 1265 854 1344 Quanquam
895 1277 983 1324 est
1021 1285 1137 1324 uno
1175 1267 1305 1324 loco
1341 1266 1595 1324 conditio
1621 1266 1819 1324 melior
1847 1276 2094 1324 externae
2121 1265 2394 1338 victoriae,

419 1343 595 1420 quam
635 1345 996 1414 domesticae3
1045 1343 1200 1420 quod
1241 1346 1433 1403 hostes
1474 1339 1812 1422 alienigenae
1854 1355 1953 1403 aut
1990 1345 2239 1434 oppressi
2280 1365 2397 1403 ser-

421 1424 602 1494 viunt,
633 1433 732 1481 aut
771 1389 996 1500 recepti
1027 1423 1312 1482 beneficio
1353 1443 1415 1482 se
1454 1424 1734 1500 obligatos
1771 1434 2007 1499 putant:
2061 1423 2160 1501 qui
2202 1433 2395 1482 autem

326 1505 394 1559 15
423 1521 494 1559 ex
520 1520 760 1561 numero
799 1502 1032 1573 civium,
1061 1501 1353 1560 dementia
1395 1502 1586 1578 aliqua
1626 1503 1938 1579 depravati,
1967 1504 2157 1560 hostes
2194 1503 2395 1578 patrias

422 1580 599 1638 semel
621 1600 747 1638 esse
747 1590 1083 1674 Ncoeperunt
1105 1599 1223 1652 eos,
1246 1600 1381 1640 cum
1404 1600 1439 1639 a
1456 1580 1713 1657 pernicie
1742 1581 2071 1658 reipublicae
2098 1581 2394 1656 repuleris,

421 1678 534 1718 nec
572 1660 630 1717 vi
670 1663 962 1731 coercere,
989 1679 1102 1718 nec
1137 1660 1425 1718 beneficio
1463 1660 1693 1737 placare
1732 1660 1928 1737 possis.
2007 1660 2213 1721 Quare
2251 1659 2395 1718 mihi

423 1757 558 1796 cum
582 1738 820 1816 perditis
847 1705 1070 1798 civibus
1097 1749 1373 1797 oeternum
1413 1739 1629 1796 bellum
1668 1749 1997 1828 susceptum
2036 1757 2162 1796 esse
2190 1738 2392 1797 video:

421 1817 573 1893 quod
613 1838 741 1896 ego,
782 1828 970 1878 vestro
1007 1819 1400 1893 bonorumque
1438 1818 1696 1876 omnium
1737 1815 1967 1890 auxilio,
2006 1817 2397 1894 memoriaque

321 1898 395 1952 20
422 1905 710 1954 tantorum
748 1897 1155 1972 periculorum,
1199 1894 1354 1973 (quae
1408 1916 1524 1955 non
1577 1895 1747 1955 modo
1802 1897 1863 1954 in
1904 1897 2013 1955 hoc
2051 1895 2259 1973 populo
2296 1896 2395 1973 qui

423 1985 680 2032 servatus
719 1985 825 2046 est,
867 1975 969 2033 sed
1009 1975 1186 2033 etiam
1227 1975 1287 2033 in
1324 1975 1585 2033 omnium
1625 1974 1884 2051 gentium
1924 1974 2283 2033 sermonibus
2324 1994 2395 2034 ac

423 2053 732 2125 mentibuS,
761 2073 984 2129 semper
1012 2053 1276 2132 haerebit)
1310 2072 1344 2110 a
1384 2071 1478 2111 me
1519 2062 1689 2128 atque
1730 2072 1765 2112 a
1803 2053 1947 2112 meis
1975 2051 2146 2112 facile
2174 2053 2395 2130 propul-

423 2130 538 2188 sari
565 2151 728 2208 posse
757 2132 997 2190 confido.
1079 2130 1288 2206 Neque
1315 2131 1436 2189 ulla
1458 2130 1715 2208 profecto
1743 2142 1905 2190 tanta
1938 2132 2023 2189 vis
2062 2132 2394 2209 reperietur,

423 2229 550 2287 quae
577 2211 1043 2288 conjunctionem
1069 2220 1316 2269 vestram
1344 2209 1713 2288 equitumque
1740 2210 2158 2283 Romanorum,
2184 2220 2245 2271 et
2271 2220 2397 2269 tan-

324 2294 396 2349 25
423 2300 543 2347 tam
583 2290 1064 2369 conspirationem
1104 2290 1384 2349 bonorum
1422 2289 1701 2363 omnium,
1740 2290 2094 2369 perfringere
2146 2301 2205 2350 et
2242 2290 2397 2349 labe-

424 2369 640 2428 factare
665 2370 856 2447 possit.

501 2448 614 2507 XI.
669 2450 824 2511 Quae
879 2468 1016 2507 cum
1069 2448 1152 2507 ita
1191 2447 1325 2521 sint,
1366 2448 1569 2507 Patres
1609 2446 1957 2525 Conscripti‚
1995 2467 2100 2524 pro
2138 2446 2397 2525 imperio,

423 2547 528 2617 pro
553 2528 830 2600 exercitu,
856 2548 960 2605 pro
995 2528 1312 2604 provincia,
1340 2546 1514 2604 quam
1553 2526 1803 2604 neglexi,
1830 2546 1932 2603 pro
1956 2526 2261 2603 triumpho,
2289 2546 2401 2585 οω-

425 2606 675 2681 terisque
701 2574 888 2664 laudis
915 2606 1257 2682 insignibus,
1286 2625 1413 2681 quoe
1440 2615 1573 2663 sunt
1615 2625 1649 2663 a
1687 2625 1801 2676 me,
1827 2616 2053 2682 propter
2078 2605 2252 2663 Urbis
2278 2624 2401 2663 ves—

327 2692 398 2747 30
426 2694 641 2760 traeque
660 2684 862 2742 salutis
879 2684 1220 2755 custodiam,
1239 2684 1571 2759 repudiata3
1608 2704 1710 2761 pro
1730 2652 2011 2743 clientelis
2031 2683 2400 2760 hospitiisque

425 2760 891 2857 provincialibus,
919 2780 1044 2836 quae
1071 2772 1265 2820 tamen
1292 2762 1529 2820 urbanis
1566 2763 1769 2852 opibus
1808 2783 1925 2822 non
1959 2763 2179 2821 minore
2206 2764 2401 2821 labore

427 2852 612 2910 tueor,
653 2837 827 2914 quam
867 2858 1165 2915 comparo·
1151 2883 1166 2911 ,
1220 2860 1323 2916 pro
1376 2840 1466 2898 his
1517 2842 1691 2919 igitur
1743 2842 2010 2900 omnibus
2062 2842 2253 2913 rebuS,
2298 2860 2402 2918 pro

428 2917 574 2975 meis
601 2918 662 2975 in
688 2936 787 2976 vos
813 2917 1199 2994 singularibus
1227 2918 1449 2991 studiis,
1469 2939 1682 2996 proque
1702 2922 1833 2993 hac,
1855 2940 2027 2997 quam
2048 2920 2399 2997 conspicitiS,

433 2996 505 3054 ad
534 2996 984 3054 conservandam
1010 2998 1426 3088 rempublicam
1452 2998 1775 3076 diligentia,
1802 3000 1945 3058 nihil
1976 2999 2129 3057 aliud
2162 3019 2196 3057 a
2221 2999 2399 3071 vobis,

329 3086 402 3143 35
430 3074 543 3133 nisi
597 3074 768 3151 hujus
809 3075 1101 3151 temporie,
1142 3076 1428 3167 totiusque
1482 3078 1599 3136 mei
1656 3078 1987 3137 consulatus
2044 3077 2401 3149 memoriam,

429 3154 684 3232 postu103
726 3173 852 3229 quae
880 3153 1019 3211 dum
1047 3155 1156 3213 erit
1181 3156 1385 3213 vestris
1412 3157 1700 3214 mentibus
1736 3157 1930 3228 infixa,
1958 3157 2284 3215 firmissimo
2308 3174 2403 3214 me

431 3252 595 3292 muro
636 3243 860 3310 septum
901 3252 1028 3291 esse
1070 3234 1401 3293 arbitrabor.
1481 3233 1665 3296 Quod
1692 3235 1742 3293 si
1769 3255 1959 3293 meam
1995 3254 2153 3313 spem
2180 3235 2266 3293 vis
2302 3234 2406 3293 irn-

430 3314 735 3390 proborum
777 3312 1043 3371 fefellerit
1084 3322 1252 3403 atque
1293 3313 1675 3389 superaverit;
1718 3315 2058 3373 commendo
2085 3314 2243 3373 vobis
2281 3332 2407 3389 par-

433 3411 567 3449 vum
593 3412 788 3451 meum
815 3392 1034 3463 filium;
1078 3392 1175 3451 cui
1199 3390 1457 3469 profecto
1486 3392 1624 3451 satis
1652 3393 1760 3451 erit
1784 3392 2053 3469 praesidii,
2076 3412 2191 3451 non
2220 3390 2405 3450 solum

335 3478 406 3535 40
437 3471 510 3528 ad
549 3471 813 3559 salutem,
854 3469 1056 3530 verum
1109 3472 1284 3530 etiam
1340 3472 1414 3529 ad
1467 3471 1826 3548 dignitatem,
1868 3471 1919 3529 si
1958 3472 2101 3548 ejus,
2142 3470 2240 3547 qui
2280 3472 2444 3529 haec‘

345 3606 353 3612 ,
433 3548 629 3607 omnia
667 3568 772 3607 suo
807 3550 960 3608 solus
983 3549 1241 3626 periculo
1268 3550 1708 3622 conservaverit,
1738 3551 1899 3609 illum
1926 3570 2053 3609 esse
2080 3550 2264 3608 filium
2291 3568 2409 3606 me-

436 3625 733 3685 mineritis.

513 3703 901 3780 Quapropter,
942 3706 1015 3763 de
1055 3707 1280 3765 summa
1320 3706 1505 3765 salute
1545 3706 1753 3779 vestra,
1787 3706 2093 3785 populique
2132 3705 2411 3777 Romani,

437 3782 638 3841 Patres
692 3782 1038 3860 conscripti,
1080 3784 1152 3843 de
1192 3784 1395 3843 vestris
1436 3783 1777 3863 conjugibus
1817 3805 1887 3845 ac
1926 3786 2143 3859 liberis,
2184 3784 2257 3844 de
2300 3784 2415 3843 aris
