2698 4492
684 286 955 337 ORATIO
1000 288 1139 337 PRO
1186 288 1249 338 T.
1295 287 1526 337 ANNIO
1569 286 1872 338 MILONE.
2135 322 2144 331 ·
2259 286 2372 345 123

286 430 451 487 claro
475 445 631 487 motu
656 450 669 487 ε
710 430 824 487 nisi
866 429 1010 491 forte
1042 432 1261 489 idcirco
1287 451 1414 488 esse
1461 451 1576 489 non
1603 440 1828 507 putant,
1857 428 1993 505 quia
2021 448 2136 487 non
2180 447 2274 505 ap-

288 517 471 583 paret,
500 528 611 566 nec
653 509 943 566 cernitur:
984 510 1223 584 proinde
1266 510 1431 584 quasi
1479 519 1732 567 nostram
1773 510 1958 585 ipsam
1996 517 2270 577 mentem,

290 587 406 659 qua
434 588 705 661 sapimuS,
734 588 847 661 qua
873 588 1257 663 providemus,
1286 589 1402 662 qua
1431 589 1556 645 haec
1585 588 1710 664 ipsa
1751 589 1976 665 agimus
2019 605 2090 643 ac
2131 586 2274 643 dici-

291 666 683 736 musr'videre,
714 675 814 722 aut
856 664 1051 741 plane,
1096 666 1281 741 qualis
1329 680 1429 722 aut
1455 666 1556 722 ubi
1599 666 1690 736 sit,
1721 666 1934 723 sentire
1971 665 2268 740 possimus·

292 742 385 799 Ea
425 743 528 814 viS,
558 762 629 800 ea
676 753 764 801 est
806 744 979 820 igitur
1010 744 1151 819 ipsa,
1194 764 1320 819 quae
1363 764 1511 819 saepe
1553 744 1923 802 incredibiles
1963 742 2100 799 huic
2141 743 2270 799 urbi
2333 744 2372 798 5
2433 768 2440 772 ·

294 821 599 878 felicitates
629 832 799 896 atque
825 841 961 897 opes
990 823 1197 893 attulit,
1226 842 1352 897 quae
1382 822 1536 878 illam
1563 822 1880 897 perniciem
1905 821 2174 878 exstinxit
2202 839 2272 879 ac

293 899 555 967 sustulit;
598 900 697 956 cui
722 897 973 975 primum
1000 910 1251 957 mentem
1300 900 1520 975 injecit,
1549 909 1612 956 ut
1639 900 1694 956 vi
1738 899 1980 969 irritare,
2011 899 2272 972 ferroque

293 976 601 1047 lacessere,
657 977 1026 1035 fortissimum
1066 979 1250 1035 virum
1293 978 1550 1047 auderet,
1591 978 2028 1051 vincereturque
2071 977 2143 1032 ab
2183 996 2272 1046 eo,

298 1074 470 1129 quem
510 1055 559 1112 si
599 1054 849 1125 vicisset,
898 1056 1197 1113 habiturus
1249 1065 1402 1113 esset
1443 1055 1842 1131 impunitatem
1881 1064 1939 1113 et
1976 1054 2274 1112 licentiam

296 1133 720 1209 sempiternam.
801 1132 937 1191 Non
966 1145 1053 1191 est
1072 1136 1324 1192 humano
1339 1134 1598 1205 consilio,
1621 1154 1695 1191 ne
1723 1132 2000 1191 mediocri
2018 1132 2270 1207 quidem,
2304 1144 2372 1197 10

304 1212 555 1287 judices,
588 1211 841 1269 Deorum
871 1213 1275 1271 immortalium
1319 1213 1480 1283 cura,
1511 1232 1602 1269 res
1631 1212 1732 1269 illa
1755 1211 2026 1287 perfecta.
2111 1210 2274 1267 Reli-

294 1290 493 1367 giones
523 1289 908 1370 (mehercule)
939 1291 1094 1368 ipsae,
1122 1311 1248 1367 quae
1277 1292 1437 1348 illam
1465 1291 1718 1348 belluam
1746 1291 1956 1348 cadere
1983 1290 2268 1360 viderunt,

294 1368 611 1427 commosse
640 1388 702 1427 se
749 1370 1031 1442 videntur,
1076 1381 1135 1428 et
1173 1370 1267 1446 jus
1309 1370 1372 1427 in
1401 1370 1498 1428 illo
1537 1389 1704 1428 suum
1745 1370 2067 1427 retinuisse.
2150 1369 2271 1426 Vos

292 1448 449 1505 enim
482 1448 621 1524 jam,
673 1447 891 1506 Albani
932 1450 1140 1506 tumuli
1188 1459 1358 1523 atque
1397 1449 1535 1519 luci,
1576 1468 1694 1519 VOS,
1737 1447 1991 1523 inquam,
2035 1447 2272 1524 imploro

294 1535 464 1599 atque
490 1536 685 1597 testor,
714 1545 945 1601 vosque,
974 1528 1334 1585 Albanorum
1361 1527 1576 1585 obrutae
1607 1546 1740 1597 arae,
1759 1545 2050 1584 sacrorum
2077 1526 2268 1601 populi
2301 1533 2370 1585 15

292 1602 549 1661 Romani
572 1605 747 1662 sociae
789 1617 847 1661 et
874 1606 1141 1681 aequales,
1182 1624 1327 1679 quas
1363 1606 1479 1675 ille,
1507 1624 1760 1681 praeceps
1801 1604 2073 1674 amentia,
2104 1604 2270 1661 caesis

206 1722 214 1728 -
292 1682 698 1757 prostratisque
738 1684 1116 1741 sanctissimis
1155 1683 1323 1754 luciS,
1379 1683 1868 1740 substructionum
1909 1682 2127 1739 insanis
2154 1702 2272 1739 mo-

292 1760 445 1817 libus
469 1771 824 1836 oppresserat
840 1781 855 1832 ;
898 1772 1097 1818 vestrae
1138 1772 1262 1818 tum
1310 1779 1444 1832 arae,
1471 1771 1671 1819 vestrae
1714 1760 2040 1837 religiones,
2078 1760 2272 1835 vigue-

291 1848 459 1909 runt3
501 1849 689 1896 vestra
730 1839 812 1896 vis
870 1841 1067 1910 valuit,
1120 1859 1294 1915 quam
1336 1840 1432 1897 ille
1487 1839 1644 1897 omni
1700 1839 1917 1896 scelere
1955 1836 2266 1914 polluerat3

290 1926 486 1993 tuque,
516 1937 588 1975 ex
614 1928 712 1976 tuo
739 1918 893 1977 edito
920 1928 1132 1990 monte,
1162 1919 1412 1976 Latiaris
1452 1928 1651 1976 sancte
1692 1916 1937 1993 Jupiter,
1968 1916 2132 1992 cujus
2174 1917 2270 1975 ille
2297 1932 2370 1985 20

289 1996 472 2068 lacuS,
500 2016 755 2067 nemora,
784 1997 1059 2073 finesque,
1088 2017 1236 2074 saepe
1278 1995 1438 2055 omni
1464 1997 1686 2054 nefario
1713 2006 1907 2072 stupro
1948 2006 2007 2055 et
2049 1996 2270 2053 scelere

290 2075 631 2147 macularat,
673 2075 981 2151 aliquando
1028 2077 1100 2133 ad
1142 2095 1273 2134 eum
1319 2076 1677 2153 puniendum
1715 2074 1913 2133 oculos
1961 2074 2267 2151 aperuisti:

291 2152 451 2207 vobis
481 2152 609 2223 illae,
638 2154 797 2211 vobis
824 2164 1010 2211 vestro
1053 2155 1113 2211 in
1158 2164 1490 2231 conspectu,
1534 2174 1697 2224 serae,
1742 2153 1844 2209 sed
1867 2153 2034 2229 justae
2075 2162 2272 2209 tamen

293 2238 353 2286 et
380 2229 607 2300 debitae,
661 2251 842 2306 poenae
882 2232 1080 2290 solutae
1121 2242 1270 2289 sunt.
1354 2231 1488 2290 Nisi
1545 2230 1687 2290 forte
1731 2232 1844 2288 hoc
1897 2231 2072 2288 etiam
2131 2249 2272 2286 casu

294 2307 513 2364 factum
542 2327 667 2365 esse
694 2309 973 2379 dicemuS,
1004 2320 1087 2379 ut,
1118 2320 1251 2366 ante
1298 2311 1486 2384 ipsum
1531 2309 1850 2366 sacrarium
1891 2308 2064 2365 Bonae
2107 2307 2270 2377 Deae,
2297 2317 2368 2370 25

292 2385 446 2458 quod
475 2395 561 2442 est
588 2386 648 2444 in
677 2386 853 2444 fundo
879 2387 955 2443 T.
988 2387 1171 2444 Sextii
1198 2387 1373 2457 Galli,
1404 2388 1463 2443 in
1491 2387 1690 2461 primis
1731 2385 1954 2442 honesti
1999 2394 2059 2456 et
2083 2386 2272 2443 ornati

293 2463 696 2534 adolescentis,
728 2475 859 2522 ante
888 2465 1089 2541 ipsam,
1120 2465 1374 2538 inquam,
1405 2465 1624 2522 Bonam
1665 2464 1873 2534 Deam,
1904 2461 2040 2520 cum
2084 2463 2272 2538 proeli-

290 2561 388 2599 um
419 2543 817 2612 commisisset,
844 2541 1097 2619 primum
1140 2543 1281 2600 illud
1329 2543 1534 2600 vulnus
1563 2543 1871 2618 acciperet,
1902 2560 2014 2616 quo
2053 2543 2272 2598 teterri-

287 2637 443 2676 mam
485 2630 726 2678 mortem
785 2623 1002 2692 obiret3
1046 2631 1111 2678 ut
1150 2641 1263 2679 non
1308 2623 1600 2679 absolutus
1647 2620 1870 2697 judicio
1908 2621 2006 2677 illo
2046 2620 2270 2678 nefario

286 2698 596 2769 videretur,
626 2699 728 2757 sed
758 2700 828 2756 ad
859 2701 1011 2757 hanc
1039 2700 1325 2775 insignem
1353 2718 1581 2775 peenam
1609 2709 1948 2757 reservatus,
2293 2707 2364 2760 30

365 2776 635 2834 XXXII.
679 2777 813 2836 Nec
839 2777 975 2835 vero
1004 2798 1118 2836 non
1147 2780 1349 2835 eadem
1380 2779 1466 2835 ira
1494 2778 1747 2838 Deorum
1771 2779 1921 2835 hanc
1949 2776 2072 2852 ejus
2099 2778 2266 2835 satel-

186 2895 193 2899 -
284 2855 483 2912 litibus
524 2856 722 2930 injecit
784 2856 1111 2928 amentiam,
1170 2867 1252 2926 ut,
1309 2856 1435 2914 sine
1497 2856 1865 2933 imaginibuS,
1921 2856 2046 2913 sine
2087 2866 2264 2914 cantu

288 2943 457 3006 atque
484 2935 654 3004 ludis,
684 2935 807 2992 sine
836 2935 1140 3008 exsequiiS,
1170 2935 1295 2992 sine
1336 2935 1622 3005 lamentiS,
1651 2935 1776 2992 sine
1815 2933 2262 3005 laudationibuS,

286 3012 411 3068 sine
452 3011 669 3083 funere,
698 3014 907 3070 oblitus
949 3032 1151 3071 cruore
1206 3023 1265 3070 et
1303 3013 1442 3083 luto,
1491 3013 1764 3088 spoliatus
1817 3013 1971 3069 illius
2011 3011 2262 3087 supremi

285 3089 402 3146 diei
433 3091 764 3148 celebritate
791 3110 962 3166 quam
992 3092 1312 3149 concedere
1353 3093 1528 3148 etiam
1569 3091 1791 3148 inimici
1833 3092 2035 3160 solent,
2067 3091 2263 3146 ambu-
2287 3092 2358 3145 35

283 3179 503 3225 reretur
533 3171 805 3245 abjectus».
887 3169 1020 3227 Non
1068 3169 1243 3227 fuisse
1284 3171 1459 3226 credo
1502 3169 1606 3239 faS,
1637 3169 2082 3226 clarissimorum
2119 3167 2263 3223 viro-

282 3265 410 3304 rum
454 3247 661 3304 formas
702 3247 784 3305 illi
824 3249 1115 3304 teterrimo
1154 3246 1454 3322 parricidae
1498 3247 1714 3322 aliquid
1767 3246 1993 3304 decoris
2035 3243 2258 3313 afferre,

280 3344 471 3399 neque
499 3325 615 3383 ullo
643 3327 703 3383 in
729 3325 857 3394 loco
882 3323 1070 3401 potius
1096 3335 1335 3382 mortem
1366 3325 1490 3400 ejus
1527 3323 1792 3394 lacerari,
1835 3320 2008 3398 quam
2050 3321 2110 3377 in
2147 3339 2260 3394 quo

278 3403 399 3461 vita
426 3415 575 3461 esset
615 3405 905 3460 damnata.
1755 3439 1762 3444 -

334 3481 524 3539 ·Dura
551 3482 693 3538 mihi
724 3480 976 3557 (medius
1003 3481 1199 3556 fidius)
1238 3479 1359 3555 jam
1401 3480 1626 3537 fortuna
1663 3478 1855 3555 populi
1883 3474 2160 3545 Romani,
2201 3487 2258 3534 et
2284 3488 2354 3540 40

277 3560 548 3630 crudelis,
577 3560 896 3628 videbatur,
926 3578 1051 3633 quae
1080 3567 1164 3615 tot
1192 3577 1372 3615 annos
1400 3557 1562 3615 illum
1590 3557 1645 3615 in
1670 3559 1823 3614 hanc
1841 3553 2256 3631 rempublicam

275 3639 555 3696 insultare
582 3638 800 3694 videret
826 3648 885 3694 et
909 3646 1213 3714 pateretur.
1298 3636 1588 3693 Polluerat
1627 3644 1821 3709 stupro
1859 3630 2254 3690 sanctissimas

272 3716 619 3792 religiones:
663 3715 895 3772 senatus
932 3714 1268 3790 gravissima
1296 3713 1531 3771 decreta
1573 3712 1925 3788 perfregerat
1949 3731 1980 3767 ε-
2005 3707 2256 3786 pecunia

232 3804 238 3808 “
272 3813 337 3854 se
382 3793 576 3872 palam
604 3813 639 3852 a
670 3793 967 3871 judicibus
1011 3791 1368 3850 redemerat:
1411 3790 1644 3848 vexarat
1677 3790 1738 3847 in
1765 3790 2060 3846 tribunatu
2089 3800 2252 3838 sena-
