<?xml version="1.0" encoding="UTF-8"?>
<!DOCTYPE html PUBLIC "-//W3C//DTD XHTML 1.0 Transitional//EN"
    "http://www.w3.org/TR/xhtml1/DTD/xhtml1-transitional.dtd">
<html xmlns="http://www.w3.org/1999/xhtml" xml:lang="en" lang="en">
 <head>
  <title>
</title>
<meta http-equiv="Content-Type" content="text/html;charset=utf-8" />
  <meta name='ocr-system' content='tesseract 3.04.00' />
  <meta name='ocr-capabilities' content='ocr_page ocr_carea ocr_par ocr_line ocrx_word'/>
</head>
<body>
  <div class='ocr_page' id='page_1' title='image "./orationesquaeda02cicegoog_0161.png"; bbox 0 0 2698 4492; ppageno 0'>
   <div class='ocr_carea' id='block_1_1' title="bbox 854 235 2386 297">
    <p class='ocr_par' dir='ltr' id='par_1_1' title="bbox 854 235 2386 297">
     <span class='ocr_line' id='line_1_1' title="bbox 854 235 2386 297; baseline -0.001 -12"><span class='ocrx_word' id='word_1_1' title='bbox 854 236 1129 285; x_wconf 86' lang='lat' dir='ltr'><strong>ORATIO</strong></span> <span class='ocrx_word' id='word_1_2' title='bbox 1174 235 1252 285; x_wconf 87' lang='lat' dir='ltr'><strong>IN</strong></span> <span class='ocrx_word' id='word_1_3' title='bbox 1296 236 1374 285; x_wconf 89' lang='lat' dir='ltr'><strong>M.</strong></span> <span class='ocrx_word' id='word_1_4' title='bbox 1408 235 1817 285; x_wconf 88' lang='lat' dir='ltr'><strong>ANTONIUM.</strong></span> <span class='ocrx_word' id='word_1_5' title='bbox 2271 238 2386 297; x_wconf 84' lang='lat'><strong>155</strong></span> 
     </span>
    </p>
   </div>
   <div class='ocr_carea' id='block_1_2' title="bbox 222 378 2432 3131">
    <p class='ocr_par' dir='ltr' id='par_1_2' title="bbox 296 378 2432 988">
     <span class='ocr_line' id='line_1_2' title="bbox 296 378 2285 455; baseline 0.001 -19.011"><span class='ocrx_word' id='word_1_6' title='bbox 296 378 761 455; x_wconf 80' lang='lat' dir='ltr'><strong>ocupletissimae</strong></span> <span class='ocrx_word' id='word_1_7' title='bbox 812 378 1181 436; x_wconf 81' lang='lat' dir='ltr'><strong>Cretensium</strong></span> <span class='ocrx_word' id='word_1_8' title='bbox 1235 378 1616 455; x_wconf 80' lang='lat' dir='ltr'><strong>vectigalibus</strong></span> <span class='ocrx_word' id='word_1_9' title='bbox 1663 379 2016 450; x_wconf 66' lang='lat' dir='ltr'><strong>liberantur,</strong></span> <span class='ocrx_word' id='word_1_10' title='bbox 2086 378 2285 437; x_wconf 88' lang='lat' dir='ltr'><strong>statui-</strong></span> 
     </span>
     <span class='ocr_line' id='line_1_3' title="bbox 298 457 2280 535; baseline -0.001 -20"><span class='ocrx_word' id='word_1_11' title='bbox 298 470 520 534; x_wconf 89' lang='lat' dir='ltr'><strong>turque,</strong></span> <span class='ocrx_word' id='word_1_12' title='bbox 553 477 645 529; x_wconf 89' lang='lat' dir='ltr'><strong>ne,</strong></span> <span class='ocrx_word' id='word_1_13' title='bbox 673 468 801 533; x_wconf 90' lang='lat' dir='ltr'><strong>post</strong></span> <span class='ocrx_word' id='word_1_14' title='bbox 832 457 912 514; x_wconf 91' lang='lat' dir='ltr'><strong>M.</strong></span> <span class='ocrx_word' id='word_1_15' title='bbox 943 457 1189 515; x_wconf 90' lang='lat' dir='ltr'><strong>Brutum</strong></span> <span class='ocrx_word' id='word_1_16' title='bbox 1215 460 1638 535; x_wconf 82' lang='lat' dir='ltr'><strong>proconsulem,</strong></span> <span class='ocrx_word' id='word_1_17' title='bbox 1658 458 1733 515; x_wconf 88' lang='lat' dir='ltr'><strong>sit</strong></span> <span class='ocrx_word' id='word_1_18' title='bbox 1760 458 1938 516; x_wconf 85' lang='lat' dir='ltr'><strong>Creta</strong></span> <span class='ocrx_word' id='word_1_19' title='bbox 1963 459 2280 535; x_wconf 84' lang='lat' dir='ltr'><strong>provincia.</strong></span> 
     </span>
     <span class='ocr_line' id='line_1_4' title="bbox 298 534 2286 613; baseline 0.001 -20"><span class='ocrx_word' id='word_1_20' title='bbox 298 536 398 593; x_wconf 90' lang='lat' dir='ltr'><strong>Tu</strong></span> <span class='ocrx_word' id='word_1_21' title='bbox 442 537 652 593; x_wconf 86' lang='lat' dir='ltr'><strong>mentis</strong></span> <span class='ocrx_word' id='word_1_22' title='bbox 679 556 743 593; x_wconf 90' lang='lat' dir='ltr'><strong>es</strong></span> <span class='ocrx_word' id='word_1_23' title='bbox 786 534 1066 612; x_wconf 82' lang='lat' dir='ltr'><strong>compos?</strong></span> <span class='ocrx_word' id='word_1_24' title='bbox 1124 548 1188 593; x_wconf 91' lang='lat' dir='ltr'><strong>tu</strong></span> <span class='ocrx_word' id='word_1_25' title='bbox 1232 558 1346 594; x_wconf 90' lang='lat' dir='ltr'><strong>non</strong></span> <span class='ocrx_word' id='word_1_26' title='bbox 1393 537 1923 613; x_wconf 72' lang='lat' dir='ltr'><strong>constringendus?</strong></span> <span class='ocrx_word' id='word_1_27' title='bbox 2006 539 2126 609; x_wconf 86' lang='lat' dir='ltr'><strong>An,</strong></span> <span class='ocrx_word' id='word_1_28' title='bbox 2157 539 2286 595; x_wconf 81' lang='lat' dir='ltr'><strong>Cae-</strong></span> 
     </span>
     <span class='ocr_line' id='line_1_5' title="bbox 298 614 2282 691; baseline 0.001 -19"><span class='ocrx_word' id='word_1_29' title='bbox 298 616 441 672; x_wconf 90' lang='lat' dir='ltr'><strong>saris</strong></span> <span class='ocrx_word' id='word_1_30' title='bbox 469 615 724 685; x_wconf 89' lang='lat' dir='ltr'><strong>decret0,</strong></span> <span class='ocrx_word' id='word_1_31' title='bbox 757 615 935 672; x_wconf 87' lang='lat' dir='ltr'><strong>Creta</strong></span> <span class='ocrx_word' id='word_1_32' title='bbox 973 626 1102 690; x_wconf 86' lang='lat' dir='ltr'><strong>post</strong></span> <span class='ocrx_word' id='word_1_33' title='bbox 1130 614 1213 672; x_wconf 92' lang='lat' dir='ltr'><strong>M.</strong></span> <span class='ocrx_word' id='word_1_34' title='bbox 1245 616 1409 675; x_wconf 88' lang='lat' dir='ltr'><strong>Bruti</strong></span> <span class='ocrx_word' id='word_1_35' title='bbox 1452 617 1758 673; x_wconf 81' lang='lat' dir='ltr'><strong>decessum</strong></span> <span class='ocrx_word' id='word_1_36' title='bbox 1801 616 1986 691; x_wconf 88' lang='lat' dir='ltr'><strong>potuit</strong></span> <span class='ocrx_word' id='word_1_37' title='bbox 2027 616 2282 687; x_wconf 88' lang='lat' dir='ltr'><strong>liberari,</strong></span> 
     </span>
     <span class='ocr_line' id='line_1_6' title="bbox 299 694 2389 784; baseline -0 -33"><span class='ocrx_word' id='word_1_38' title='bbox 299 714 437 751; x_wconf 90' lang='lat' dir='ltr'><strong>cum</strong></span> <span class='ocrx_word' id='word_1_39' title='bbox 465 694 643 751; x_wconf 88' lang='lat' dir='ltr'><strong>Creta</strong></span> <span class='ocrx_word' id='word_1_40' title='bbox 671 694 815 750; x_wconf 88' lang='lat' dir='ltr'><strong>nihil</strong></span> <span class='ocrx_word' id='word_1_41' title='bbox 866 694 937 751; x_wconf 91' lang='lat' dir='ltr'><strong>ad</strong></span> <span class='ocrx_word' id='word_1_42' title='bbox 990 694 1253 765; x_wconf 89' lang='lat' dir='ltr'><strong>Brutum,</strong></span> <span class='ocrx_word' id='word_1_43' title='bbox 1283 694 1518 751; x_wconf 85' lang='lat' dir='ltr'><strong>Caesare</strong></span> <span class='ocrx_word' id='word_1_44' title='bbox 1565 696 1713 765; x_wconf 74' lang='lat' dir='ltr'><strong>vim,</strong></span> <span class='ocrx_word' id='word_1_45' title='bbox 1741 695 2096 784; x_wconf 68' lang='lat' dir='ltr'><strong>pertineret?</strong></span> <span class='ocrx_word' id='word_1_46' title='bbox 2180 696 2283 766; x_wconf 90' lang='lat' dir='ltr'><strong>At,</strong></span> <span class='ocrx_word' id='word_1_47' title='bbox 2351 697 2389 750; x_wconf 88' lang='lat'><strong>5</strong></span> 
     </span>
     <span class='ocr_line' id='line_1_7' title="bbox 301 772 2432 863; baseline -0 -32"><span class='ocrx_word' id='word_1_48' title='bbox 301 773 471 848; x_wconf 89' lang='lat' dir='ltr'><strong>hujus</strong></span> <span class='ocrx_word' id='word_1_49' title='bbox 499 774 830 831; x_wconf 85' lang='lat' dir='ltr'><strong>venditione</strong></span> <span class='ocrx_word' id='word_1_50' title='bbox 858 773 1099 843; x_wconf 83' lang='lat' dir='ltr'><strong>decreti,</strong></span> <span class='ocrx_word' id='word_1_51' title='bbox 1132 772 1235 851; x_wconf 91' lang='lat' dir='ltr'><strong>(ne</strong></span> <span class='ocrx_word' id='word_1_52' title='bbox 1262 773 1405 830; x_wconf 86' lang='lat' dir='ltr'><strong>nihil</strong></span> <span class='ocrx_word' id='word_1_53' title='bbox 1437 783 1630 829; x_wconf 91' lang='lat' dir='ltr'><strong>actum</strong></span> <span class='ocrx_word' id='word_1_54' title='bbox 1657 773 1897 863; x_wconf 88' lang='lat' dir='ltr'><strong>putetis)</strong></span> <span class='ocrx_word' id='word_1_55' title='bbox 1928 774 2284 848; x_wconf 88' lang='lat' dir='ltr'><strong>provinciam</strong></span> <span class='ocrx_word' id='word_1_56' title='bbox 2425 775 2432 779; x_wconf 82' lang='grc'><em>“</em></span> 
     </span>
     <span class='ocr_line' id='line_1_8' title="bbox 300 851 2284 933; baseline 0 -24"><span class='ocrx_word' id='word_1_57' title='bbox 300 852 539 909; x_wconf 79' lang='lat' dir='ltr'><strong>Cretam</strong></span> <span class='ocrx_word' id='word_1_58' title='bbox 592 852 939 928; x_wconf 80' lang='lat' dir='ltr'><strong>perdidistis,</strong></span> <span class='ocrx_word' id='word_1_59' title='bbox 1020 851 1238 909; x_wconf 91' lang='lat' dir='ltr'><strong>Omnio</strong></span> <span class='ocrx_word' id='word_1_60' title='bbox 1292 870 1464 909; x_wconf 91' lang='lat' dir='ltr'><strong>nemo</strong></span> <span class='ocrx_word' id='word_1_61' title='bbox 1518 852 1691 909; x_wconf 91' lang='lat' dir='ltr'><strong>ullius</strong></span> <span class='ocrx_word' id='word_1_62' title='bbox 1746 852 1828 910; x_wconf 90' lang='lat' dir='ltr'><strong>rei</strong></span> <span class='ocrx_word' id='word_1_63' title='bbox 1884 852 1992 909; x_wconf 89' lang='lat' dir='ltr'><strong>suit</strong></span> <span class='ocrx_word' id='word_1_64' title='bbox 2043 864 2284 933; x_wconf 80' lang='lat' dir='ltr'><strong>emptor,</strong></span> 
     </span>
     <span class='ocr_line' id='line_1_9' title="bbox 301 931 1107 988; baseline -0.003 0"><span class='ocrx_word' id='word_1_65' title='bbox 301 931 401 988; x_wconf 91' lang='lat' dir='ltr'><strong>cui</strong></span> <span class='ocrx_word' id='word_1_66' title='bbox 428 931 675 988; x_wconf 87' lang='lat' dir='ltr'><strong>defuerit</strong></span> <span class='ocrx_word' id='word_1_67' title='bbox 704 931 799 987; x_wconf 92' lang='lat' dir='ltr'><strong>hic</strong></span> <span class='ocrx_word' id='word_1_68' title='bbox 828 931 1107 988; x_wconf 88' lang='lat' dir='ltr'><strong>venditor.</strong></span> 
     </span>
    </p>

    <p class='ocr_par' dir='ltr' id='par_1_3' title="bbox 222 972 2398 1794">
     <span class='ocr_line' id='line_1_10' title="bbox 382 972 2288 1085; baseline -0.001 -19"><span class='ocrx_word' id='word_1_69' title='bbox 382 1008 462 1067; x_wconf 90' lang='lat' dir='ltr'><strong>Et</strong></span> <span class='ocrx_word' id='word_1_70' title='bbox 488 1010 561 1065; x_wconf 92' lang='lat' dir='ltr'><strong>de</strong></span> <span class='ocrx_word' id='word_1_71' title='bbox 590 1009 883 1066; x_wconf 87' lang='lat' dir='ltr'><strong>exsulibus</strong></span> <span class='ocrx_word' id='word_1_72' title='bbox 910 1009 1117 1085; x_wconf 89' lang='lat' dir='ltr'><strong>legem,</strong></span> <span class='ocrx_word' id='word_1_73' title='bbox 1146 1028 1320 1083; x_wconf 88' lang='lat' dir='ltr'><strong>quam</strong></span> <span class='ocrx_word' id='word_1_74' title='bbox 1348 1008 1544 1079; x_wconf 86' lang='lat' dir='ltr'><strong>fixisti,</strong></span> <span class='ocrx_word' id='word_1_75' title='bbox 1574 1008 1772 1065; x_wconf 84' lang='lat' dir='ltr'><strong>Caesar</strong></span> <span class='ocrx_word' id='word_1_76' title='bbox 1800 972 1970 1066; x_wconf 85' lang='lat' dir='ltr'><strong>tulit?</strong></span> <span class='ocrx_word' id='word_1_77' title='bbox 2052 1008 2288 1067; x_wconf 88' lang='lat' dir='ltr'><strong>Nullius</strong></span> 
     </span>
     <span class='ocr_line' id='line_1_11' title="bbox 302 1080 2396 1163; baseline -0.001 -18"><span class='ocrx_word' id='word_1_78' title='bbox 302 1080 555 1145; x_wconf 82' lang='lat' dir='ltr'><strong>insector</strong></span> <span class='ocrx_word' id='word_1_79' title='bbox 598 1088 1018 1147; x_wconf 83' lang='lat' dir='ltr'><strong>calamitatem:</strong></span> <span class='ocrx_word' id='word_1_80' title='bbox 1080 1086 1308 1143; x_wconf 90' lang='lat' dir='ltr'><strong>tantum</strong></span> <span class='ocrx_word' id='word_1_81' title='bbox 1346 1107 1574 1163; x_wconf 89' lang='lat' dir='ltr'><strong>queror,</strong></span> <span class='ocrx_word' id='word_1_82' title='bbox 1603 1085 1875 1163; x_wconf 89' lang='lat' dir='ltr'><strong>primum,</strong></span> <span class='ocrx_word' id='word_1_83' title='bbox 1903 1106 2102 1144; x_wconf 90' lang='lat' dir='ltr'><strong>eorum</strong></span> <span class='ocrx_word' id='word_1_84' title='bbox 2146 1087 2292 1145; x_wconf 90' lang='lat' dir='ltr'><strong>redi·</strong></span> <span class='ocrx_word' id='word_1_85' title='bbox 2325 1088 2396 1144; x_wconf 89' lang='grc'><strong>10</strong></span> 
     </span>
     <span class='ocr_line' id='line_1_12' title="bbox 222 1166 2289 1242; baseline -0 -19"><span class='ocrx_word' id='word_1_86' title='bbox 222 1203 225 1204; x_wconf 29' lang='lat'><em>⁷</em></span> <span class='ocrx_word' id='word_1_87' title='bbox 301 1176 396 1223; x_wconf 88' lang='lat' dir='ltr'><strong>tus</strong></span> <span class='ocrx_word' id='word_1_88' title='bbox 444 1177 715 1241; x_wconf 78' lang='lat' dir='ltr'><strong>aequatOS,</strong></span> <span class='ocrx_word' id='word_1_89' title='bbox 754 1186 994 1242; x_wconf 90' lang='lat' dir='ltr'><strong>quorum</strong></span> <span class='ocrx_word' id='word_1_90' title='bbox 1050 1184 1286 1223; x_wconf 85' lang='lat' dir='ltr'><strong>causam</strong></span> <span class='ocrx_word' id='word_1_91' title='bbox 1339 1166 1679 1223; x_wconf 87' lang='lat' dir='ltr'><strong>dissimilem</strong></span> <span class='ocrx_word' id='word_1_92' title='bbox 1727 1166 1925 1223; x_wconf 83' lang='lat' dir='ltr'><strong>Caesar</strong></span> <span class='ocrx_word' id='word_1_93' title='bbox 1971 1166 2289 1241; x_wconf 55' lang='lat' dir='ltr'><strong>judicarim</strong></span> 
     </span>
     <span class='ocr_line' id='line_1_13' title="bbox 303 1244 2294 1320; baseline -0.001 -17"><span class='ocrx_word' id='word_1_94' title='bbox 303 1246 537 1316; x_wconf 90' lang='lat' dir='ltr'><strong>deinde,</strong></span> <span class='ocrx_word' id='word_1_95' title='bbox 552 1245 769 1309; x_wconf 65' lang='lat' dir='ltr'><strong>„nescio</strong></span> <span class='ocrx_word' id='word_1_96' title='bbox 797 1265 901 1302; x_wconf 89' lang='lat' dir='ltr'><strong>cur</strong></span> <span class='ocrx_word' id='word_1_97' title='bbox 944 1245 1177 1320; x_wconf 89' lang='lat' dir='ltr'><strong>reliquis</strong></span> <span class='ocrx_word' id='word_1_98' title='bbox 1220 1245 1375 1302; x_wconf 90' lang='lat' dir='ltr'><strong>idem</strong></span> <span class='ocrx_word' id='word_1_99' title='bbox 1417 1264 1532 1302; x_wconf 92' lang='lat' dir='ltr'><strong>non</strong></span> <span class='ocrx_word' id='word_1_100' title='bbox 1583 1245 1835 1303; x_wconf 88' lang='lat' dir='ltr'><strong>tribuas:</strong></span> <span class='ocrx_word' id='word_1_101' title='bbox 1899 1250 2086 1320; x_wconf 82' lang='lat' dir='ltr'><strong>neque</strong></span> <span class='ocrx_word' id='word_1_102' title='bbox 2134 1244 2294 1302; x_wconf 89' lang='lat' dir='ltr'><strong>enim</strong></span> 
     </span>
     <span class='ocr_line' id='line_1_14' title="bbox 300 1318 2368 1414; baseline -0.001 -33"><span class='ocrx_word' id='word_1_103' title='bbox 300 1326 430 1414; x_wconf 81' lang='lat' dir='ltr'><strong>plus</strong></span> <span class='ocrx_word' id='word_1_104' title='bbox 458 1342 632 1400; x_wconf 90' lang='lat' dir='ltr'><strong>quam</strong></span> <span class='ocrx_word' id='word_1_105' title='bbox 661 1336 777 1381; x_wconf 88' lang='lat' dir='ltr'><strong>tres</strong></span> <span class='ocrx_word' id='word_1_106' title='bbox 806 1334 903 1381; x_wconf 86' lang='lat' dir='ltr'><strong>aut</strong></span> <span class='ocrx_word' id='word_1_107' title='bbox 929 1336 1172 1399; x_wconf 89' lang='lat' dir='ltr'><strong>quatuor</strong></span> <span class='ocrx_word' id='word_1_108' title='bbox 1200 1318 1406 1399; x_wconf 85' lang='lat' dir='ltr'><strong>reliqui</strong></span> <span class='ocrx_word' id='word_1_109' title='bbox 1433 1334 1583 1381; x_wconf 86' lang='lat' dir='ltr'><strong>sunt.</strong></span> <span class='ocrx_word' id='word_1_110' title='bbox 1665 1324 1792 1385; x_wconf 78' lang='lat' dir='ltr'><strong>Qui</strong></span> <span class='ocrx_word' id='word_1_111' title='bbox 1821 1323 1995 1380; x_wconf 88' lang='lat' dir='ltr'><strong>simili</strong></span> <span class='ocrx_word' id='word_1_112' title='bbox 2037 1324 2097 1381; x_wconf 91' lang='lat' dir='ltr'><strong>in</strong></span> <span class='ocrx_word' id='word_1_113' title='bbox 2141 1324 2295 1381; x_wconf 88' lang='lat' dir='ltr'><strong>cala-</strong></span> <span class='ocrx_word' id='word_1_114' title='bbox 2363 1347 2368 1352; x_wconf 87' lang='lat'>·</span> 
     </span>
     <span class='ocr_line' id='line_1_15' title="bbox 302 1402 2291 1473; baseline 0 -13"><span class='ocrx_word' id='word_1_115' title='bbox 302 1404 501 1460; x_wconf 88' lang='lat' dir='ltr'><strong>mitate</strong></span> <span class='ocrx_word' id='word_1_116' title='bbox 540 1413 694 1473; x_wconf 90' lang='lat' dir='ltr'><strong>sunt,</strong></span> <span class='ocrx_word' id='word_1_117' title='bbox 726 1423 829 1461; x_wconf 89' lang='lat' dir='ltr'><strong>cur</strong></span> <span class='ocrx_word' id='word_1_118' title='bbox 876 1404 977 1459; x_wconf 87' lang='lat' dir='ltr'><strong>tua</strong></span> <span class='ocrx_word' id='word_1_119' title='bbox 1006 1403 1403 1460; x_wconf 81' lang='lat' dir='ltr'><strong>misericordia</strong></span> <span class='ocrx_word' id='word_1_120' title='bbox 1431 1403 1604 1460; x_wconf 88' lang='lat' dir='ltr'><strong>simili</strong></span> <span class='ocrx_word' id='word_1_121' title='bbox 1646 1422 1766 1460; x_wconf 90' lang='lat' dir='ltr'><strong>non</strong></span> <span class='ocrx_word' id='word_1_122' title='bbox 1814 1402 2126 1460; x_wconf 84' lang='lat' dir='ltr'><strong>fruuntur?</strong></span> <span class='ocrx_word' id='word_1_123' title='bbox 2184 1421 2291 1460; x_wconf 87' lang='lat' dir='ltr'><strong>cur</strong></span> 
     </span>
     <span class='ocr_line' id='line_1_16' title="bbox 303 1480 2398 1558; baseline -0.003 -18"><span class='ocrx_word' id='word_1_124' title='bbox 303 1502 403 1540; x_wconf 88' lang='lat' dir='ltr'><strong>eos</strong></span> <span class='ocrx_word' id='word_1_125' title='bbox 431 1483 653 1539; x_wconf 86' lang='lat' dir='ltr'><strong>habes</strong></span> <span class='ocrx_word' id='word_1_126' title='bbox 638 1502 697 1539; x_wconf 87' lang='grc' dir='ltr'><strong>ιιι</strong></span> <span class='ocrx_word' id='word_1_127' title='bbox 727 1483 856 1539; x_wconf 91' lang='lat' dir='ltr'><strong>loco</strong></span> <span class='ocrx_word' id='word_1_128' title='bbox 894 1482 1122 1558; x_wconf 85' lang='lat' dir='ltr'><strong>patrui?</strong></span> <span class='ocrx_word' id='word_1_129' title='bbox 1166 1482 1237 1538; x_wconf 90' lang='lat' dir='ltr'><strong>de</strong></span> <span class='ocrx_word' id='word_1_130' title='bbox 1278 1502 1392 1558; x_wconf 92' lang='lat' dir='ltr'><strong>quo</strong></span> <span class='ocrx_word' id='word_1_131' title='bbox 1421 1483 1592 1553; x_wconf 86' lang='lat' dir='ltr'><strong>ferre,</strong></span> <span class='ocrx_word' id='word_1_132' title='bbox 1622 1501 1759 1539; x_wconf 89' lang='lat' dir='ltr'><strong>cum</strong></span> <span class='ocrx_word' id='word_1_133' title='bbox 1802 1482 1874 1538; x_wconf 88' lang='lat' dir='ltr'><strong>de</strong></span> <span class='ocrx_word' id='word_1_134' title='bbox 1901 1482 2136 1557; x_wconf 89' lang='lat' dir='ltr'><strong>reliquis</strong></span> <span class='ocrx_word' id='word_1_135' title='bbox 2185 1481 2294 1538; x_wconf 88' lang='lat' dir='ltr'><strong>fer·</strong></span> <span class='ocrx_word' id='word_1_136' title='bbox 2330 1480 2398 1533; x_wconf 82' lang='lat'><strong>15</strong></span> 
     </span>
     <span class='ocr_line' id='line_1_17' title="bbox 285 1560 2291 1637; baseline -0 -20"><span class='ocrx_word' id='word_1_137' title='bbox 285 1581 416 1632; x_wconf 76' lang='lat' dir='ltr'><strong>,reS‚</strong></span> <span class='ocrx_word' id='word_1_138' title='bbox 447 1561 715 1619; x_wconf 88' lang='lat' dir='ltr'><strong>noluisti:</strong></span> <span class='ocrx_word' id='word_1_139' title='bbox 758 1580 928 1636; x_wconf 90' lang='lat' dir='ltr'><strong>quem</strong></span> <span class='ocrx_word' id='word_1_140' title='bbox 958 1561 1134 1618; x_wconf 88' lang='lat' dir='ltr'><strong>etiam</strong></span> <span class='ocrx_word' id='word_1_141' title='bbox 1164 1561 1235 1617; x_wconf 89' lang='lat' dir='ltr'><strong>ad</strong></span> <span class='ocrx_word' id='word_1_142' title='bbox 1276 1580 1582 1619; x_wconf 85' lang='lat' dir='ltr'><strong>censuram</strong></span> <span class='ocrx_word' id='word_1_143' title='bbox 1625 1561 1936 1636; x_wconf 89' lang='lat' dir='ltr'><strong>petendam</strong></span> <span class='ocrx_word' id='word_1_144' title='bbox 1980 1560 2291 1637; x_wconf 80' lang='lat' dir='ltr'><strong>impulisti3</strong></span> 
     </span>
     <span class='ocr_line' id='line_1_18' title="bbox 307 1639 2296 1716; baseline -0.001 -19"><span class='ocrx_word' id='word_1_145' title='bbox 307 1659 549 1715; x_wconf 89' lang='lat' dir='ltr'><strong>eamque</strong></span> <span class='ocrx_word' id='word_1_146' title='bbox 596 1640 935 1716; x_wconf 88' lang='lat' dir='ltr'><strong>petitionem</strong></span> <span class='ocrx_word' id='word_1_147' title='bbox 978 1640 1345 1715; x_wconf 69' lang='lat' dir='ltr'><strong>comparasti,</strong></span> <span class='ocrx_word' id='word_1_148' title='bbox 1389 1659 1516 1715; x_wconf 82' lang='lat' dir='ltr'><strong>quae</strong></span> <span class='ocrx_word' id='word_1_149' title='bbox 1565 1650 1626 1697; x_wconf 89' lang='lat' dir='ltr'><strong>et</strong></span> <span class='ocrx_word' id='word_1_150' title='bbox 1673 1640 1822 1697; x_wconf 86' lang='lat' dir='ltr'><strong>risus</strong></span> <span class='ocrx_word' id='word_1_151' title='bbox 1874 1639 2177 1697; x_wconf 90' lang='lat' dir='ltr'><strong>hominum</strong></span> <span class='ocrx_word' id='word_1_152' title='bbox 2235 1650 2296 1695; x_wconf 92' lang='lat' dir='ltr'><strong>et</strong></span> 
     </span>
     <span class='ocr_line' id='line_1_19' title="bbox 308 1718 865 1794; baseline 0 -19"><span class='ocrx_word' id='word_1_153' title='bbox 308 1718 567 1794; x_wconf 89' lang='lat' dir='ltr'><strong>querelas</strong></span> <span class='ocrx_word' id='word_1_154' title='bbox 595 1731 865 1776; x_wconf 87' lang='lat' dir='ltr'><strong>moveret.</strong></span> 
     </span>
    </p>

    <p class='ocr_par' dir='ltr' id='par_1_4' title="bbox 304 1794 2414 3131">
     <span class='ocr_line' id='line_1_20' title="bbox 389 1794 2383 1871; baseline -0.002 -17"><span class='ocrx_word' id='word_1_155' title='bbox 389 1797 511 1854; x_wconf 90' lang='lat' dir='ltr'><strong>Cur</strong></span> <span class='ocrx_word' id='word_1_156' title='bbox 540 1808 734 1854; x_wconf 89' lang='lat' dir='ltr'><strong>autem</strong></span> <span class='ocrx_word' id='word_1_157' title='bbox 781 1816 853 1854; x_wconf 88' lang='lat' dir='ltr'><strong>ea</strong></span> <span class='ocrx_word' id='word_1_158' title='bbox 889 1796 1127 1855; x_wconf 89' lang='lat' dir='ltr'><strong>comitia</strong></span> <span class='ocrx_word' id='word_1_159' title='bbox 1168 1816 1285 1855; x_wconf 90' lang='lat' dir='ltr'><strong>non</strong></span> <span class='ocrx_word' id='word_1_160' title='bbox 1330 1796 1630 1854; x_wconf 87' lang='lat' dir='ltr'><strong>habuisti?</strong></span> <span class='ocrx_word' id='word_1_161' title='bbox 1713 1796 1812 1853; x_wconf 91' lang='lat' dir='ltr'><strong>An</strong></span> <span class='ocrx_word' id='word_1_162' title='bbox 1853 1796 1990 1871; x_wconf 90' lang='lat' dir='ltr'><strong>quia</strong></span> <span class='ocrx_word' id='word_1_163' title='bbox 2029 1794 2297 1853; x_wconf 87' lang='lat' dir='ltr'><strong>tribunus</strong></span> <span class='ocrx_word' id='word_1_164' title='bbox 2366 1798 2383 1815; x_wconf 85' lang='grc'><strong>·’</strong></span> 
     </span>
     <span class='ocr_line' id='line_1_21' title="bbox 304 1870 2404 1953; baseline -0.002 -20"><span class='ocrx_word' id='word_1_165' title='bbox 304 1876 489 1953; x_wconf 90' lang='lat' dir='ltr'><strong>plebis</strong></span> <span class='ocrx_word' id='word_1_166' title='bbox 516 1876 812 1933; x_wconf 89' lang='lat' dir='ltr'><strong>sinistrum</strong></span> <span class='ocrx_word' id='word_1_167' title='bbox 840 1876 1057 1934; x_wconf 88' lang='lat' dir='ltr'><strong>fulmen</strong></span> <span class='ocrx_word' id='word_1_168' title='bbox 1088 1876 1436 1934; x_wconf 84' lang='lat' dir='ltr'><strong>nuntiabat?</strong></span> <span class='ocrx_word' id='word_1_169' title='bbox 1519 1872 1676 1933; x_wconf 93' lang='lat' dir='ltr'><strong>Cum</strong></span> <span class='ocrx_word' id='word_1_170' title='bbox 1723 1875 1824 1933; x_wconf 89' lang='lat' dir='ltr'><strong>tua</strong></span> <span class='ocrx_word' id='word_1_171' title='bbox 1850 1875 1990 1951; x_wconf 92' lang='lat' dir='ltr'><strong>quid</strong></span> <span class='ocrx_word' id='word_1_172' title='bbox 2037 1874 2295 1944; x_wconf 87' lang='lat' dir='ltr'><strong>interest,</strong></span> <span class='ocrx_word' id='word_1_173' title='bbox 2329 1870 2404 1923; x_wconf 73' lang='lat'><strong>20</strong></span> 
     </span>
     <span class='ocr_line' id='line_1_22' title="bbox 306 1918 2296 2045; baseline -0.002 -32"><span class='ocrx_word' id='word_1_174' title='bbox 306 1956 467 2013; x_wconf 90' lang='lat' dir='ltr'><strong>nulla</strong></span> <span class='ocrx_word' id='word_1_175' title='bbox 496 1955 755 2045; x_wconf 85' lang='lat' dir='ltr'><strong>auspicia</strong></span> <span class='ocrx_word' id='word_1_176' title='bbox 783 1954 930 2025; x_wconf 81' lang='lat' dir='ltr'><strong>sint3</strong></span> <span class='ocrx_word' id='word_1_177' title='bbox 974 1974 1113 2014; x_wconf 89' lang='lat' dir='ltr'><strong>cum</strong></span> <span class='ocrx_word' id='word_1_178' title='bbox 1142 1966 1388 2026; x_wconf 90' lang='lat' dir='ltr'><strong>tuorum,</strong></span> <span class='ocrx_word' id='word_1_179' title='bbox 1420 1964 1542 2012; x_wconf 91' lang='lat' dir='ltr'><strong>tum</strong></span> <span class='ocrx_word' id='word_1_180' title='bbox 1569 1955 1649 2011; x_wconf 90' lang='lat' dir='ltr'><strong>sis</strong></span> <span class='ocrx_word' id='word_1_181' title='bbox 1675 1954 2024 2031; x_wconf 85' lang='lat' dir='ltr'><strong>religiosus?</strong></span> <span class='ocrx_word' id='word_1_182' title='bbox 2087 1918 2296 2016; x_wconf 55' lang='lat' dir='ltr'><strong>Quid?</strong></span> 
     </span>
     <span class='ocr_line' id='line_1_23' title="bbox 306 2000 2294 2109; baseline -0.002 -18"><span class='ocrx_word' id='word_1_183' title='bbox 306 2034 602 2091; x_wconf 91' lang='lat' dir='ltr'><strong>eundem</strong></span> <span class='ocrx_word' id='word_1_184' title='bbox 590 2054 649 2091; x_wconf 91' lang='grc' dir='ltr'><strong>ιιι</strong></span> <span class='ocrx_word' id='word_1_185' title='bbox 678 2035 1084 2109; x_wconf 77' lang='lat' dir='ltr'><strong>septemviram</strong></span> <span class='ocrx_word' id='word_1_186' title='bbox 1122 2054 1316 2092; x_wconf 90' lang='lat' dir='ltr'><strong>nonne</strong></span> <span class='ocrx_word' id='word_1_187' title='bbox 1346 2000 1701 2091; x_wconf 70' lang='lat' dir='ltr'><strong>destituisti?</strong></span> <span class='ocrx_word' id='word_1_188' title='bbox 1772 2032 2094 2091; x_wconf 88' lang='lat' dir='ltr'><strong>Intervenit</strong></span> <span class='ocrx_word' id='word_1_189' title='bbox 2119 2032 2294 2089; x_wconf 89' lang='lat' dir='ltr'><strong>enim.</strong></span> 
     </span>
     <span class='ocr_line' id='line_1_24' title="bbox 307 2113 2297 2201; baseline -0.004 -28"><span class='ocrx_word' id='word_1_190' title='bbox 307 2113 476 2174; x_wconf 74' lang='lat' dir='ltr'><strong>Quid</strong></span> <span class='ocrx_word' id='word_1_191' title='bbox 518 2113 814 2170; x_wconf 87' lang='lat' dir='ltr'><strong>metuisti?</strong></span> <span class='ocrx_word' id='word_1_192' title='bbox 872 2114 1067 2185; x_wconf 87' lang='lat' dir='ltr'><strong>credo,</strong></span> <span class='ocrx_word' id='word_1_193' title='bbox 1096 2133 1171 2171; x_wconf 91' lang='lat' dir='ltr'><strong>ne</strong></span> <span class='ocrx_word' id='word_1_194' title='bbox 1212 2114 1370 2171; x_wconf 81' lang='lat' dir='ltr'><strong>salvo</strong></span> <span class='ocrx_word' id='word_1_195' title='bbox 1418 2114 1607 2189; x_wconf 88' lang='lat' dir='ltr'><strong>capite</strong></span> <span class='ocrx_word' id='word_1_196' title='bbox 1653 2132 1868 2189; x_wconf 88' lang='lat' dir='ltr'><strong>negare</strong></span> <span class='ocrx_word' id='word_1_197' title='bbox 1915 2132 2032 2169; x_wconf 90' lang='lat' dir='ltr'><strong>non</strong></span> <span class='ocrx_word' id='word_1_198' title='bbox 2083 2130 2297 2201; x_wconf 77' lang='lat' dir='ltr'><strong>posses.</strong></span> 
     </span>
     <span class='ocr_line' id='line_1_25' title="bbox 310 2189 2301 2269; baseline -0.001 -23"><span class='ocrx_word' id='word_1_199' title='bbox 310 2189 602 2249; x_wconf 87' lang='lat' dir='ltr'><strong>Omnibus</strong></span> <span class='ocrx_word' id='word_1_200' title='bbox 629 2209 766 2248; x_wconf 90' lang='lat' dir='ltr'><strong>eum</strong></span> <span class='ocrx_word' id='word_1_201' title='bbox 794 2192 1159 2250; x_wconf 89' lang='lat' dir='ltr'><strong>contumeliis</strong></span> <span class='ocrx_word' id='word_1_202' title='bbox 1186 2192 1461 2263; x_wconf 87' lang='lat' dir='ltr'><strong>onerasti,</strong></span> <span class='ocrx_word' id='word_1_203' title='bbox 1490 2210 1660 2268; x_wconf 89' lang='lat' dir='ltr'><strong>quem</strong></span> <span class='ocrx_word' id='word_1_204' title='bbox 1688 2192 1866 2269; x_wconf 86' lang='lat' dir='ltr'><strong>patris</strong></span> <span class='ocrx_word' id='word_1_205' title='bbox 1906 2191 2057 2262; x_wconf 90' lang='lat' dir='ltr'><strong>loco,</strong></span> <span class='ocrx_word' id='word_1_206' title='bbox 2087 2190 2138 2248; x_wconf 90' lang='lat' dir='ltr'><strong>si</strong></span> <span class='ocrx_word' id='word_1_207' title='bbox 2181 2189 2301 2245; x_wconf 89' lang='lat' dir='ltr'><strong>ulla</strong></span> 
     </span>
     <span class='ocr_line' id='line_1_26' title="bbox 315 2268 2406 2358; baseline 0.001 -33"><span class='ocrx_word' id='word_1_208' title='bbox 315 2268 375 2326; x_wconf 91' lang='lat' dir='ltr'><strong>in</strong></span> <span class='ocrx_word' id='word_1_209' title='bbox 425 2279 481 2326; x_wconf 93' lang='lat' dir='ltr'><strong>te</strong></span> <span class='ocrx_word' id='word_1_210' title='bbox 536 2269 719 2358; x_wconf 73' lang='lat' dir='ltr'><strong>pietas</strong></span> <span class='ocrx_word' id='word_1_211' title='bbox 772 2279 943 2340; x_wconf 89' lang='lat' dir='ltr'><strong>esset,</strong></span> <span class='ocrx_word' id='word_1_212' title='bbox 986 2272 1176 2328; x_wconf 89' lang='lat' dir='ltr'><strong>colere</strong></span> <span class='ocrx_word' id='word_1_213' title='bbox 1226 2272 1496 2328; x_wconf 79' lang='lat' dir='ltr'><strong>debebas,</strong></span> <span class='ocrx_word' id='word_1_214' title='bbox 1579 2271 1793 2327; x_wconf 88' lang='lat' dir='ltr'><strong>Filiam</strong></span> <span class='ocrx_word' id='word_1_215' title='bbox 1846 2270 1990 2345; x_wconf 74' lang='lat' dir='ltr'><strong>ejuS,</strong></span> <span class='ocrx_word' id='word_1_216' title='bbox 2047 2287 2299 2326; x_wconf 86' lang='lat' dir='ltr'><strong>sororem</strong></span> <span class='ocrx_word' id='word_1_217' title='bbox 2334 2275 2406 2328; x_wconf 77' lang='lat'><strong>25</strong></span> 
     </span>
     <span class='ocr_line' id='line_1_27' title="bbox 314 2345 2408 2436; baseline -0 -32"><span class='ocrx_word' id='word_1_218' title='bbox 314 2357 497 2419; x_wconf 90' lang='lat' dir='ltr'><strong>tuam,</strong></span> <span class='ocrx_word' id='word_1_219' title='bbox 544 2347 787 2436; x_wconf 82' lang='lat' dir='ltr'><strong>ejecisti,</strong></span> <span class='ocrx_word' id='word_1_220' title='bbox 844 2348 956 2404; x_wconf 71' lang='lat' dir='ltr'><strong>alia</strong></span> <span class='ocrx_word' id='word_1_221' title='bbox 998 2349 1330 2406; x_wconf 86' lang='lat' dir='ltr'><strong>conditione</strong></span> <span class='ocrx_word' id='word_1_222' title='bbox 1372 2348 1611 2423; x_wconf 84' lang='lat' dir='ltr'><strong>quaesita</strong></span> <span class='ocrx_word' id='word_1_223' title='bbox 1663 2359 1725 2404; x_wconf 93' lang='lat' dir='ltr'><strong>et</strong></span> <span class='ocrx_word' id='word_1_224' title='bbox 1779 2347 1912 2404; x_wconf 90' lang='lat' dir='ltr'><strong>ante</strong></span> <span class='ocrx_word' id='word_1_225' title='bbox 1977 2346 2320 2424; x_wconf 87' lang='lat' dir='ltr'><strong>prospecta.</strong></span> <span class='ocrx_word' id='word_1_226' title='bbox 2402 2345 2408 2349; x_wconf 78' lang='grc'><strong>’</strong></span> 
     </span>
     <span class='ocr_line' id='line_1_28' title="bbox 315 2425 2301 2502; baseline -0.001 -19"><span class='ocrx_word' id='word_1_227' title='bbox 315 2425 455 2483; x_wconf 92' lang='lat' dir='ltr'><strong>Non</strong></span> <span class='ocrx_word' id='word_1_228' title='bbox 503 2436 591 2483; x_wconf 87' lang='lat' dir='ltr'><strong>est</strong></span> <span class='ocrx_word' id='word_1_229' title='bbox 634 2427 809 2482; x_wconf 88' lang='lat' dir='ltr'><strong>satis·</strong></span> <span class='ocrx_word' id='word_1_230' title='bbox 865 2426 1057 2502; x_wconf 89' lang='lat' dir='ltr'><strong>probri</strong></span> <span class='ocrx_word' id='word_1_231' title='bbox 1108 2427 1453 2483; x_wconf 85' lang='lat' dir='ltr'><strong>insimulasti</strong></span> <span class='ocrx_word' id='word_1_232' title='bbox 1495 2426 1930 2502; x_wconf 89' lang='lat' dir='ltr'><strong>pudicissimam</strong></span> <span class='ocrx_word' id='word_1_233' title='bbox 1986 2426 2301 2482; x_wconf 86' lang='lat' dir='ltr'><strong>foeminam.</strong></span> 
     </span>
     <span class='ocr_line' id='line_1_29' title="bbox 310 2505 2304 2579; baseline -0.001 -17.999"><span class='ocrx_word' id='word_1_234' title='bbox 310 2505 482 2567; x_wconf 76' lang='lat' dir='ltr'><strong>Quid</strong></span> <span class='ocrx_word' id='word_1_235' title='bbox 510 2515 616 2574; x_wconf 92' lang='lat' dir='ltr'><strong>est,</strong></span> <span class='ocrx_word' id='word_1_236' title='bbox 645 2505 797 2579; x_wconf 84' lang='lat' dir='ltr'><strong>quod</strong></span> <span class='ocrx_word' id='word_1_237' title='bbox 828 2505 962 2562; x_wconf 86' lang='lat' dir='ltr'><strong>addi</strong></span> <span class='ocrx_word' id='word_1_238' title='bbox 991 2506 1233 2579; x_wconf 78' lang='lat' dir='ltr'><strong>possit?</strong></span> <span class='ocrx_word' id='word_1_239' title='bbox 1292 2505 1619 2562; x_wconf 90' lang='lat' dir='ltr'><strong>Contentus</strong></span> <span class='ocrx_word' id='word_1_240' title='bbox 1661 2524 1731 2562; x_wconf 90' lang='lat' dir='ltr'><strong>eo</strong></span> <span class='ocrx_word' id='word_1_241' title='bbox 1773 2524 1888 2562; x_wconf 91' lang='lat' dir='ltr'><strong>non</strong></span> <span class='ocrx_word' id='word_1_242' title='bbox 1941 2505 2137 2562; x_wconf 87' lang='lat' dir='ltr'><strong>fuisti:</strong></span> <span class='ocrx_word' id='word_1_243' title='bbox 2199 2505 2304 2561; x_wconf 86' lang='lat' dir='ltr'><strong>fre-</strong></span> 
     </span>
     <span class='ocr_line' id='line_1_30' title="bbox 313 2583 2301 2660; baseline 0 -20"><span class='ocrx_word' id='word_1_244' title='bbox 313 2583 693 2660; x_wconf 84' lang='lat' dir='ltr'><strong>quentissimo</strong></span> <span class='ocrx_word' id='word_1_245' title='bbox 722 2593 927 2640; x_wconf 89' lang='lat' dir='ltr'><strong>senatu</strong></span> <span class='ocrx_word' id='word_1_246' title='bbox 955 2583 1233 2641; x_wconf 86' lang='lat' dir='ltr'><strong>Calendis</strong></span> <span class='ocrx_word' id='word_1_247' title='bbox 1264 2583 1300 2639; x_wconf 91' lang='lat' dir='ltr'>J</span> <span class='ocrx_word' id='word_1_248' title='bbox 1306 2602 1579 2655; x_wconf 84' lang='lat' dir='ltr'><strong>anuarns,</strong></span> <span class='ocrx_word' id='word_1_249' title='bbox 1609 2584 1848 2640; x_wconf 90' lang='lat' dir='ltr'><strong>sedente</strong></span> <span class='ocrx_word' id='word_1_250' title='bbox 1890 2595 2115 2659; x_wconf 87' lang='lat' dir='ltr'><strong>patruo,</strong></span> <span class='ocrx_word' id='word_1_251' title='bbox 2148 2584 2301 2640; x_wconf 89' lang='lat' dir='ltr'><strong>hanc</strong></span> 
     </span>
     <span class='ocr_line' id='line_1_31' title="bbox 314 2661 2408 2739; baseline 0.002 -20"><span class='ocrx_word' id='word_1_252' title='bbox 314 2663 422 2720; x_wconf 89' lang='lat' dir='ltr'><strong>tibi</strong></span> <span class='ocrx_word' id='word_1_253' title='bbox 449 2682 577 2720; x_wconf 90' lang='lat' dir='ltr'><strong>esse</strong></span> <span class='ocrx_word' id='word_1_254' title='bbox 622 2681 756 2720; x_wconf 91' lang='lat' dir='ltr'><strong>cum</strong></span> <span class='ocrx_word' id='word_1_255' title='bbox 801 2662 1106 2720; x_wconf 74' lang='lat' dir='ltr'><strong>Dolabella</strong></span> <span class='ocrx_word' id='word_1_256' title='bbox 1152 2681 1392 2719; x_wconf 88' lang='lat' dir='ltr'><strong>causam</strong></span> <span class='ocrx_word' id='word_1_257' title='bbox 1429 2663 1566 2733; x_wconf 90' lang='lat' dir='ltr'><strong>odii,</strong></span> <span class='ocrx_word' id='word_1_258' title='bbox 1597 2663 1792 2721; x_wconf 89' lang='lat' dir='ltr'><strong>dicere</strong></span> <span class='ocrx_word' id='word_1_259' title='bbox 1823 2681 1997 2720; x_wconf 88' lang='lat' dir='ltr'><strong>ausus</strong></span> <span class='ocrx_word' id='word_1_260' title='bbox 2035 2683 2118 2733; x_wconf 81' lang='lat' dir='ltr'><strong>eS,</strong></span> <span class='ocrx_word' id='word_1_261' title='bbox 2148 2661 2302 2739; x_wconf 71' lang='lat' dir='ltr'><strong>quod</strong></span> <span class='ocrx_word' id='word_1_262' title='bbox 2336 2668 2408 2724; x_wconf 79' lang='lat'><strong>30</strong></span> 
     </span>
     <span class='ocr_line' id='line_1_32' title="bbox 317 2742 2300 2818; baseline 0 -20"><span class='ocrx_word' id='word_1_263' title='bbox 317 2742 389 2799; x_wconf 89' lang='lat' dir='ltr'><strong>ab</strong></span> <span class='ocrx_word' id='word_1_264' title='bbox 416 2761 487 2799; x_wconf 91' lang='lat' dir='ltr'><strong>eo</strong></span> <span class='ocrx_word' id='word_1_265' title='bbox 514 2742 693 2800; x_wconf 89' lang='lat' dir='ltr'><strong>sorori</strong></span> <span class='ocrx_word' id='word_1_266' title='bbox 722 2750 780 2798; x_wconf 92' lang='lat' dir='ltr'><strong>et</strong></span> <span class='ocrx_word' id='word_1_267' title='bbox 808 2742 972 2800; x_wconf 84' lang='lat' dir='ltr'><strong>uxori</strong></span> <span class='ocrx_word' id='word_1_268' title='bbox 1000 2752 1113 2799; x_wconf 84' lang='lat' dir='ltr'><strong>tuae</strong></span> <span class='ocrx_word' id='word_1_269' title='bbox 1142 2753 1402 2816; x_wconf 89' lang='lat' dir='ltr'><strong>stuprum</strong></span> <span class='ocrx_word' id='word_1_270' title='bbox 1445 2743 1704 2800; x_wconf 87' lang='lat' dir='ltr'><strong>oblatum</strong></span> <span class='ocrx_word' id='word_1_271' title='bbox 1732 2760 1858 2799; x_wconf 89' lang='lat' dir='ltr'><strong>esse</strong></span> <span class='ocrx_word' id='word_1_272' title='bbox 1901 2743 2300 2818; x_wconf 87' lang='lat' dir='ltr'><strong>comperisses.</strong></span> 
     </span>
     <span class='ocr_line' id='line_1_33' title="bbox 313 2820 2303 2897; baseline -0.003 -14"><span class='ocrx_word' id='word_1_273' title='bbox 313 2820 469 2883; x_wconf 79' lang='lat' dir='ltr'><strong>Quis</strong></span> <span class='ocrx_word' id='word_1_274' title='bbox 531 2821 894 2896; x_wconf 73' lang='lat' dir='ltr'><strong>interpretari</strong></span> <span class='ocrx_word' id='word_1_275' title='bbox 935 2830 1139 2896; x_wconf 89' lang='lat' dir='ltr'><strong>potest,</strong></span> <span class='ocrx_word' id='word_1_276' title='bbox 1185 2821 1671 2897; x_wconf 90' lang='lat' dir='ltr'><strong>impudentiorne,</strong></span> <span class='ocrx_word' id='word_1_277' title='bbox 1716 2821 1814 2897; x_wconf 89' lang='lat' dir='ltr'><strong>qui</strong></span> <span class='ocrx_word' id='word_1_278' title='bbox 1854 2822 1913 2878; x_wconf 91' lang='lat' dir='ltr'><strong>in</strong></span> <span class='ocrx_word' id='word_1_279' title='bbox 1956 2833 2184 2892; x_wconf 88' lang='lat' dir='ltr'><strong>senatu,</strong></span> <span class='ocrx_word' id='word_1_280' title='bbox 2229 2841 2303 2878; x_wconf 89' lang='lat' dir='ltr'><strong>an</strong></span> 
     </span>
     <span class='ocr_line' id='line_1_34' title="bbox 316 2899 2306 2977; baseline 0 -21"><span class='ocrx_word' id='word_1_281' title='bbox 316 2899 643 2975; x_wconf 88' lang='lat' dir='ltr'><strong>improbior,</strong></span> <span class='ocrx_word' id='word_1_282' title='bbox 672 2900 771 2975; x_wconf 94' lang='lat' dir='ltr'><strong>qui</strong></span> <span class='ocrx_word' id='word_1_283' title='bbox 815 2899 875 2956; x_wconf 89' lang='lat' dir='ltr'><strong>in</strong></span> <span class='ocrx_word' id='word_1_284' title='bbox 923 2899 1307 2970; x_wconf 87' lang='lat' dir='ltr'><strong>Dolabellam,</strong></span> <span class='ocrx_word' id='word_1_285' title='bbox 1339 2919 1415 2957; x_wconf 87' lang='lat' dir='ltr'><strong>an</strong></span> <span class='ocrx_word' id='word_1_286' title='bbox 1459 2901 1754 2977; x_wconf 89' lang='lat' dir='ltr'><strong>impurior,</strong></span> <span class='ocrx_word' id='word_1_287' title='bbox 1799 2901 1896 2976; x_wconf 90' lang='lat' dir='ltr'><strong>qui</strong></span> <span class='ocrx_word' id='word_1_288' title='bbox 1939 2914 2100 2976; x_wconf 85' lang='lat' dir='ltr'><strong>patre</strong></span> <span class='ocrx_word' id='word_1_289' title='bbox 2147 2900 2306 2964; x_wconf 87' lang='lat' dir='ltr'><strong>audi-</strong></span> 
     </span>
     <span class='ocr_line' id='line_1_35' title="bbox 316 2978 2303 3056; baseline 0.001 -22"><span class='ocrx_word' id='word_1_290' title='bbox 316 2990 471 3048; x_wconf 90' lang='lat' dir='ltr'><strong>ente,</strong></span> <span class='ocrx_word' id='word_1_291' title='bbox 516 2999 589 3036; x_wconf 86' lang='lat' dir='ltr'><strong>an</strong></span> <span class='ocrx_word' id='word_1_292' title='bbox 633 2979 938 3050; x_wconf 86' lang='lat' dir='ltr'><strong>crudelior,</strong></span> <span class='ocrx_word' id='word_1_293' title='bbox 980 2978 1078 3055; x_wconf 93' lang='lat' dir='ltr'><strong>qui</strong></span> <span class='ocrx_word' id='word_1_294' title='bbox 1120 2980 1181 3036; x_wconf 92' lang='lat' dir='ltr'><strong>in</strong></span> <span class='ocrx_word' id='word_1_295' title='bbox 1223 2980 1384 3037; x_wconf 86' lang='lat' dir='ltr'><strong>illam</strong></span> <span class='ocrx_word' id='word_1_296' title='bbox 1425 2979 1695 3037; x_wconf 88' lang='lat' dir='ltr'><strong>miseram</strong></span> <span class='ocrx_word' id='word_1_297' title='bbox 1735 2991 1855 3037; x_wconf 90' lang='lat' dir='ltr'><strong>tam</strong></span> <span class='ocrx_word' id='word_1_298' title='bbox 1911 2979 2142 3056; x_wconf 74' lang='lat' dir='ltr'><strong>spurce,</strong></span> <span class='ocrx_word' id='word_1_299' title='bbox 2185 2988 2303 3036; x_wconf 89' lang='lat' dir='ltr'><strong>tam</strong></span> 
     </span>
     <span class='ocr_line' id='line_1_36' title="bbox 318 3056 2414 3131; baseline -0.001 -17"><span class='ocrx_word' id='word_1_300' title='bbox 318 3056 516 3131; x_wconf 89' lang='lat' dir='ltr'><strong>impie,</strong></span> <span class='ocrx_word' id='word_1_301' title='bbox 546 3058 798 3115; x_wconf 85' lang='lat' dir='ltr'><strong>dixeris?</strong></span> <span class='ocrx_word' id='word_1_302' title='bbox 2339 3057 2414 3112; x_wconf 84' lang='lat'><strong>35</strong></span> 
     </span>
    </p>
   </div>
   <div class='ocr_carea' id='block_1_3' title="bbox 320 3135 2423 3902">
    <p class='ocr_par' dir='ltr' id='par_1_5' title="bbox 320 3135 2423 3902">
     <span class='ocr_line' id='line_1_37' title="bbox 398 3135 2309 3212; baseline 0 -20"><span class='ocrx_word' id='word_1_303' title='bbox 398 3135 699 3192; x_wconf 84' lang='lat' dir='ltr'><strong>XXXIX.</strong></span> <span class='ocrx_word' id='word_1_304' title='bbox 784 3136 903 3192; x_wconf 91' lang='lat' dir='ltr'><strong>Sed</strong></span> <span class='ocrx_word' id='word_1_305' title='bbox 946 3136 1018 3192; x_wconf 89' lang='lat' dir='ltr'><strong>ad</strong></span> <span class='ocrx_word' id='word_1_306' title='bbox 1059 3136 1442 3212; x_wconf 84' lang='lat' dir='ltr'><strong>chirographa</strong></span> <span class='ocrx_word' id='word_1_307' title='bbox 1470 3137 1792 3194; x_wconf 85' lang='lat' dir='ltr'><strong>redeamus.</strong></span> <span class='ocrx_word' id='word_1_308' title='bbox 1874 3135 2030 3198; x_wconf 79' lang='lat' dir='ltr'><strong>Quae</strong></span> <span class='ocrx_word' id='word_1_309' title='bbox 2056 3146 2159 3193; x_wconf 88' lang='lat' dir='ltr'><strong>tua</strong></span> <span class='ocrx_word' id='word_1_310' title='bbox 2201 3135 2309 3193; x_wconf 89' lang='lat' dir='ltr'><strong>suit</strong></span> 
     </span>
     <span class='ocr_line' id='line_1_38' title="bbox 321 3213 2310 3304; baseline 0 -34"><span class='ocrx_word' id='word_1_311' title='bbox 321 3213 617 3288; x_wconf 68' lang='lat' dir='ltr'><strong>cognitio?</strong></span> <span class='ocrx_word' id='word_1_312' title='bbox 702 3213 857 3270; x_wconf 88' lang='lat' dir='ltr'><strong>Acta</strong></span> <span class='ocrx_word' id='word_1_313' title='bbox 884 3214 1041 3270; x_wconf 88' lang='lat' dir='ltr'><strong>enim</strong></span> <span class='ocrx_word' id='word_1_314' title='bbox 1072 3215 1341 3286; x_wconf 84' lang='lat' dir='ltr'><strong>Caesaris,</strong></span> <span class='ocrx_word' id='word_1_315' title='bbox 1372 3215 1533 3304; x_wconf 85' lang='lat' dir='ltr'><strong>pacis</strong></span> <span class='ocrx_word' id='word_1_316' title='bbox 1574 3235 1774 3291; x_wconf 88' lang='lat' dir='ltr'><strong>causa,</strong></span> <span class='ocrx_word' id='word_1_317' title='bbox 1805 3215 2144 3273; x_wconf 84' lang='lat' dir='ltr'><strong>confirmata</strong></span> <span class='ocrx_word' id='word_1_318' title='bbox 2173 3224 2310 3271; x_wconf 89' lang='lat' dir='ltr'><strong>sunt</strong></span> 
     </span>
     <span class='ocr_line' id='line_1_39' title="bbox 322 3292 2308 3370; baseline 0 -22"><span class='ocrx_word' id='word_1_319' title='bbox 322 3310 357 3348; x_wconf 86' lang='lat' dir='ltr'><strong>a</strong></span> <span class='ocrx_word' id='word_1_320' title='bbox 384 3301 610 3362; x_wconf 86' lang='lat' dir='ltr'><strong>senatu,</strong></span> <span class='ocrx_word' id='word_1_321' title='bbox 640 3310 766 3366; x_wconf 69' lang='lat' dir='ltr'><strong>quae</strong></span> <span class='ocrx_word' id='word_1_322' title='bbox 807 3292 1040 3366; x_wconf 90' lang='lat' dir='ltr'><strong>quidem</strong></span> <span class='ocrx_word' id='word_1_323' title='bbox 1070 3292 1267 3350; x_wconf 84' lang='lat' dir='ltr'><strong>Caesar</strong></span> <span class='ocrx_word' id='word_1_324' title='bbox 1310 3295 1544 3370; x_wconf 87' lang='lat' dir='ltr'><strong>egisset,</strong></span> <span class='ocrx_word' id='word_1_325' title='bbox 1576 3315 1692 3352; x_wconf 92' lang='lat' dir='ltr'><strong>non</strong></span> <span class='ocrx_word' id='word_1_326' title='bbox 1735 3313 1826 3364; x_wconf 93' lang='lat' dir='ltr'><strong>ea,</strong></span> <span class='ocrx_word' id='word_1_327' title='bbox 1855 3313 1982 3368; x_wconf 86' lang='lat' dir='ltr'><strong>quae</strong></span> <span class='ocrx_word' id='word_1_328' title='bbox 2012 3293 2308 3350; x_wconf 85' lang='lat' dir='ltr'><strong>Caesarem</strong></span> 
     </span>
     <span class='ocr_line' id='line_1_40' title="bbox 320 3370 2308 3448; baseline 0.001 -21"><span class='ocrx_word' id='word_1_329' title='bbox 320 3371 509 3446; x_wconf 90' lang='lat' dir='ltr'><strong>egisse</strong></span> <span class='ocrx_word' id='word_1_330' title='bbox 537 3370 777 3428; x_wconf 87' lang='lat' dir='ltr'><strong>dixisset</strong></span> <span class='ocrx_word' id='word_1_331' title='bbox 804 3370 1113 3427; x_wconf 69' lang='lat' dir='ltr'><strong>Antonius</strong></span> <span class='ocrx_word' id='word_1_332' title='bbox 1198 3371 1368 3428; x_wconf 89' lang='lat' dir='ltr'><strong>Unde</strong></span> <span class='ocrx_word' id='word_1_333' title='bbox 1397 3372 1507 3429; x_wconf 89' lang='lat' dir='ltr'><strong>ista</strong></span> <span class='ocrx_word' id='word_1_334' title='bbox 1533 3373 1888 3448; x_wconf 88' lang='lat' dir='ltr'><strong>erumpunt?</strong></span> <span class='ocrx_word' id='word_1_335' title='bbox 1931 3391 2044 3446; x_wconf 91' lang='lat' dir='ltr'><strong>quo</strong></span> <span class='ocrx_word' id='word_1_336' title='bbox 2073 3381 2308 3428; x_wconf 89' lang='lat' dir='ltr'><strong>auctore</strong></span> 
     </span>
     <span class='ocr_line' id='line_1_41' title="bbox 320 3448 2415 3528; baseline 0.001 -22"><span class='ocrx_word' id='word_1_337' title='bbox 320 3449 684 3524; x_wconf 85' lang='lat' dir='ltr'><strong>proferuntur</strong></span> <span class='ocrx_word' id='word_1_338' title='bbox 708 3451 731 3504; x_wconf 78' lang='lat' dir='ltr'><strong>&#39;l</strong></span> <span class='ocrx_word' id='word_1_339' title='bbox 818 3449 882 3505; x_wconf 92' lang='lat' dir='ltr'><strong>Si</strong></span> <span class='ocrx_word' id='word_1_340' title='bbox 938 3462 1074 3505; x_wconf 91' lang='lat' dir='ltr'><strong>sunt</strong></span> <span class='ocrx_word' id='word_1_341' title='bbox 1127 3449 1288 3520; x_wconf 90' lang='lat' dir='ltr'><strong>falsa,</strong></span> <span class='ocrx_word' id='word_1_342' title='bbox 1335 3470 1440 3509; x_wconf 89' lang='lat' dir='ltr'><strong>cur</strong></span> <span class='ocrx_word' id='word_1_343' title='bbox 1487 3453 1843 3528; x_wconf 86' lang='lat' dir='ltr'><strong>probantur?</strong></span> <span class='ocrx_word' id='word_1_344' title='bbox 1901 3451 1952 3506; x_wconf 90' lang='lat' dir='ltr'><strong>si</strong></span> <span class='ocrx_word' id='word_1_345' title='bbox 2005 3469 2162 3521; x_wconf 84' lang='lat' dir='ltr'><strong>vera,</strong></span> <span class='ocrx_word' id='word_1_346' title='bbox 2205 3470 2308 3508; x_wconf 89' lang='lat' dir='ltr'><strong>cur</strong></span> <span class='ocrx_word' id='word_1_347' title='bbox 2337 3448 2415 3502; x_wconf 88' lang='grc'><strong>’40</strong></span> 
     </span>
     <span class='ocr_line' id='line_1_42' title="bbox 320 3527 2311 3602; baseline 0.001 -18"><span class='ocrx_word' id='word_1_348' title='bbox 320 3529 617 3584; x_wconf 82' lang='lat' dir='ltr'><strong>veneunt?</strong></span> <span class='ocrx_word' id='word_1_349' title='bbox 701 3528 783 3584; x_wconf 90' lang='lat' dir='ltr'><strong>At</strong></span> <span class='ocrx_word' id='word_1_350' title='bbox 810 3527 896 3585; x_wconf 89' lang='lat' dir='ltr'><strong>sic</strong></span> <span class='ocrx_word' id='word_1_351' title='bbox 944 3527 1261 3602; x_wconf 86' lang='lat' dir='ltr'><strong>placuerat,</strong></span> <span class='ocrx_word' id='word_1_352' title='bbox 1290 3541 1376 3600; x_wconf 88' lang='lat' dir='ltr'><strong>ut,</strong></span> <span class='ocrx_word' id='word_1_353' title='bbox 1405 3541 1478 3587; x_wconf 80' lang='lat' dir='ltr'><strong>ex</strong></span> <span class='ocrx_word' id='word_1_354' title='bbox 1507 3529 1788 3587; x_wconf 87' lang='lat' dir='ltr'><strong>Calendis</strong></span> <span class='ocrx_word' id='word_1_355' title='bbox 1835 3528 2049 3599; x_wconf 86' lang='lat' dir='ltr'><strong>Juniis,</strong></span> <span class='ocrx_word' id='word_1_356' title='bbox 2079 3529 2152 3587; x_wconf 91' lang='lat' dir='ltr'><strong>de</strong></span> <span class='ocrx_word' id='word_1_357' title='bbox 2183 3530 2311 3586; x_wconf 86' lang='lat' dir='ltr'><strong>Cae-</strong></span> 
     </span>
     <span class='ocr_line' id='line_1_43' title="bbox 321 3606 2307 3684; baseline 0.001 -20"><span class='ocrx_word' id='word_1_358' title='bbox 321 3607 465 3664; x_wconf 87' lang='lat' dir='ltr'><strong>saris</strong></span> <span class='ocrx_word' id='word_1_359' title='bbox 495 3606 641 3663; x_wconf 90' lang='lat' dir='ltr'><strong>actis</strong></span> <span class='ocrx_word' id='word_1_360' title='bbox 669 3625 804 3663; x_wconf 91' lang='lat' dir='ltr'><strong>cum</strong></span> <span class='ocrx_word' id='word_1_361' title='bbox 833 3607 1078 3664; x_wconf 91' lang='lat' dir='ltr'><strong>consilio</strong></span> <span class='ocrx_word' id='word_1_362' title='bbox 1103 3609 1550 3684; x_wconf 88' lang='lat' dir='ltr'><strong>cognosceretis.</strong></span> <span class='ocrx_word' id='word_1_363' title='bbox 1620 3608 1800 3670; x_wconf 81' lang='lat' dir='ltr'><strong>Quod</strong></span> <span class='ocrx_word' id='word_1_364' title='bbox 1832 3607 1938 3664; x_wconf 83' lang='lat' dir='ltr'><strong>suit</strong></span> <span class='ocrx_word' id='word_1_365' title='bbox 1961 3609 2307 3666; x_wconf 89' lang='lat' dir='ltr'><strong>consilium?</strong></span> 
     </span>
     <span class='ocr_line' id='line_1_44' title="bbox 320 3686 2309 3762; baseline 0 -20"><span class='ocrx_word' id='word_1_366' title='bbox 320 3704 491 3762; x_wconf 90' lang='lat' dir='ltr'><strong>quem</strong></span> <span class='ocrx_word' id='word_1_367' title='bbox 516 3691 769 3760; x_wconf 82' lang='lat' dir='ltr'><strong>unquam</strong></span> <span class='ocrx_word' id='word_1_368' title='bbox 801 3686 1141 3744; x_wconf 74' lang='lat' dir='ltr'><strong>advocasti?</strong></span> <span class='ocrx_word' id='word_1_369' title='bbox 1182 3707 1327 3761; x_wconf 86' lang='lat' dir='ltr'><strong>quas</strong></span> <span class='ocrx_word' id='word_1_370' title='bbox 1358 3687 1653 3743; x_wconf 85' lang='lat' dir='ltr'><strong>Calendas</strong></span> <span class='ocrx_word' id='word_1_371' title='bbox 1681 3686 1717 3742; x_wconf 91' lang='lat' dir='ltr'><strong>J</strong></span> <span class='ocrx_word' id='word_1_372' title='bbox 1724 3705 1891 3743; x_wconf 82' lang='lat' dir='ltr'><strong>unias</strong></span> <span class='ocrx_word' id='word_1_373' title='bbox 1913 3687 2309 3762; x_wconf 68' lang='lat' dir='ltr'><strong>exspectasti?</strong></span> 
     </span>
     <span class='ocr_line' id='line_1_45' title="bbox 323 3762 2314 3842; baseline -0.003 -20"><span class='ocrx_word' id='word_1_374' title='bbox 323 3784 397 3822; x_wconf 86' lang='lat' dir='ltr'><strong>an</strong></span> <span class='ocrx_word' id='word_1_375' title='bbox 427 3783 545 3835; x_wconf 80' lang='lat' dir='ltr'><strong>eas,</strong></span> <span class='ocrx_word' id='word_1_376' title='bbox 578 3765 649 3821; x_wconf 90' lang='lat' dir='ltr'><strong>ad</strong></span> <span class='ocrx_word' id='word_1_377' title='bbox 678 3783 821 3840; x_wconf 89' lang='lat' dir='ltr'><strong>quas</strong></span> <span class='ocrx_word' id='word_1_378' title='bbox 847 3774 925 3837; x_wconf 88' lang='lat' dir='ltr'><strong>te,</strong></span> <span class='ocrx_word' id='word_1_379' title='bbox 950 3766 1273 3842; x_wconf 88' lang='lat' dir='ltr'><strong>peragratis</strong></span> <span class='ocrx_word' id='word_1_380' title='bbox 1294 3776 1699 3821; x_wconf 87' lang='lat' dir='ltr'><strong>veteranorum</strong></span> <span class='ocrx_word' id='word_1_381' title='bbox 1749 3762 2011 3834; x_wconf 77' lang='lat' dir='ltr'><strong>coloniiS,</strong></span> <span class='ocrx_word' id='word_1_382' title='bbox 2041 3765 2314 3838; x_wconf 86' lang='lat' dir='ltr'><strong>stipatum</strong></span> 
     </span>
     <span class='ocr_line' id='line_1_46' title="bbox 323 3843 2423 3902; baseline -0.001 0"><span class='ocrx_word' id='word_1_383' title='bbox 323 3843 496 3902; x_wconf 84' lang='lat' dir='ltr'><strong>armis</strong></span> <span class='ocrx_word' id='word_1_384' title='bbox 522 3843 812 3901; x_wconf 86' lang='lat' dir='ltr'><strong>retulisti?</strong></span> <span class='ocrx_word' id='word_1_385' title='bbox 2278 3870 2280 3873; x_wconf 95' lang='lat'>·</span> <span class='ocrx_word' id='word_1_386' title='bbox 2349 3843 2423 3900; x_wconf 80' lang='lat'><strong>45</strong></span> 
     </span>
    </p>
   </div>
  </div>
 </body>
</html>
