<?xml version="1.0" encoding="UTF-8"?>
<!DOCTYPE html PUBLIC "-//W3C//DTD XHTML 1.0 Transitional//EN"
    "http://www.w3.org/TR/xhtml1/DTD/xhtml1-transitional.dtd">
<html xmlns="http://www.w3.org/1999/xhtml" xml:lang="en" lang="en">
 <head>
  <title>
</title>
<meta http-equiv="Content-Type" content="text/html;charset=utf-8" />
  <meta name='ocr-system' content='tesseract 3.04.00' />
  <meta name='ocr-capabilities' content='ocr_page ocr_carea ocr_par ocr_line ocrx_word'/>
</head>
<body>
  <div class='ocr_page' id='page_1' title='image "./orationesquaeda02cicegoog_0084.png"; bbox 0 0 2698 4492; ppageno 0'>
   <div class='ocr_carea' id='block_1_1' title="bbox 343 337 1893 402">
    <p class='ocr_par' dir='ltr' id='par_1_1' title="bbox 343 337 1893 402">
     <span class='ocr_line' id='line_1_1' title="bbox 343 337 1893 402; baseline -0.003 -11"><span class='ocrx_word' id='word_1_1' title='bbox 343 345 424 402; x_wconf 81' lang='grc'><strong>78</strong></span> <span class='ocrx_word' id='word_1_2' title='bbox 955 337 1229 390; x_wconf 79' lang='lat' dir='ltr'>ORATIO</span> <span class='ocrx_word' id='word_1_3' title='bbox 1274 339 1414 390; x_wconf 85' lang='lat' dir='ltr'><strong>PRO</strong></span> <span class='ocrx_word' id='word_1_4' title='bbox 1458 339 1509 397; x_wconf 78' lang='lat' dir='ltr'>Q</span> <span class='ocrx_word' id='word_1_5' title='bbox 1569 337 1893 388; x_wconf 82' lang='lat' dir='ltr'><strong>LIGARIO.</strong></span> 
     </span>
    </p>
   </div>
   <div class='ocr_carea' id='block_1_2' title="bbox 447 482 2417 559">
    <p class='ocr_par' dir='ltr' id='par_1_2' title="bbox 447 482 2417 559">
     <span class='ocr_line' id='line_1_2' title="bbox 447 482 2417 559; baseline 0 -17"><span class='ocrx_word' id='word_1_6' title='bbox 447 484 702 555; x_wconf 81' lang='lat' dir='ltr'><strong>faciunt3</strong></span> <span class='ocrx_word' id='word_1_7' title='bbox 743 492 1008 542; x_wconf 79' lang='lat' dir='ltr'><strong>moveant</strong></span> <span class='ocrx_word' id='word_1_8' title='bbox 1045 491 1104 540; x_wconf 85' lang='lat' dir='ltr'><strong>te</strong></span> <span class='ocrx_word' id='word_1_9' title='bbox 1143 483 1345 540; x_wconf 80' lang='lat' dir='ltr'><strong>horum</strong></span> <span class='ocrx_word' id='word_1_10' title='bbox 1384 483 1401 514; x_wconf 82' lang='lat'>¹</span> <span class='ocrx_word' id='word_1_11' title='bbox 1418 501 1674 558; x_wconf 81' lang='lat' dir='ltr'><strong>·crymae‚</strong></span> <span class='ocrx_word' id='word_1_12' title='bbox 1700 491 1926 541; x_wconf 80' lang='lat' dir='ltr'><strong>moveat</strong></span> <span class='ocrx_word' id='word_1_13' title='bbox 1960 482 2165 559; x_wconf 82' lang='lat' dir='ltr'><strong>pietas,</strong></span> <span class='ocrx_word' id='word_1_14' title='bbox 2193 493 2417 542; x_wconf 86' lang='lat' dir='ltr'><strong>moveat</strong></span> 
     </span>
    </p>
   </div>
   <div class='ocr_carea' id='block_1_3' title="bbox 445 561 2530 640">
    <p class='ocr_par' dir='ltr' id='par_1_3' title="bbox 445 561 2530 640">
     <span class='ocr_line' id='line_1_3' title="bbox 445 561 2530 640; baseline 0 -20"><span class='ocrx_word' id='word_1_15' title='bbox 445 563 831 640; x_wconf 83' lang='lat' dir='ltr'><strong>germanitas:</strong></span> <span class='ocrx_word' id='word_1_16' title='bbox 874 562 1060 620; x_wconf 81' lang='lat' dir='ltr'><strong>valeat</strong></span> <span class='ocrx_word' id='word_1_17' title='bbox 1085 571 1187 619; x_wconf 82' lang='lat' dir='ltr'><strong>tua</strong></span> <span class='ocrx_word' id='word_1_18' title='bbox 1211 581 1319 619; x_wconf 85' lang='lat' dir='ltr'><strong>vox</strong></span> <span class='ocrx_word' id='word_1_19' title='bbox 1354 562 1471 632; x_wconf 76' lang='lat' dir='ltr'><strong>iila,</strong></span> <span class='ocrx_word' id='word_1_20' title='bbox 1499 580 1625 637; x_wconf 79' lang='lat' dir='ltr'><strong>quae</strong></span> <span class='ocrx_word' id='word_1_21' title='bbox 1653 561 1807 618; x_wconf 81' lang='lat' dir='ltr'><strong>vicit.</strong></span> <span class='ocrx_word' id='word_1_22' title='bbox 1889 561 1984 619; x_wconf 89' lang='lat' dir='ltr'><strong>Te</strong></span> <span class='ocrx_word' id='word_1_23' title='bbox 2024 562 2179 618; x_wconf 91' lang='lat' dir='ltr'><strong>enim</strong></span> <span class='ocrx_word' id='word_1_24' title='bbox 2220 563 2416 620; x_wconf 82' lang='lat' dir='ltr'><strong>dicere</strong></span> <span class='ocrx_word' id='word_1_25' title='bbox 2520 573 2530 580; x_wconf 86' lang='lat'>&#39;</span> 
     </span>
    </p>
   </div>
   <div class='ocr_carea' id='block_1_4' title="bbox 350 639 2449 3942">
    <p class='ocr_par' dir='ltr' id='par_1_4' title="bbox 350 639 2449 3942">
     <span class='ocr_line' id='line_1_4' title="bbox 448 639 2418 717; baseline -0.001 -18"><span class='ocrx_word' id='word_1_26' title='bbox 448 643 843 712; x_wconf 84' lang='lat' dir='ltr'><strong>audiebamus,</strong></span> <span class='ocrx_word' id='word_1_27' title='bbox 882 639 1027 712; x_wconf 88' lang='lat' dir='ltr'><strong>Nos,</strong></span> <span class='ocrx_word' id='word_1_28' title='bbox 1063 659 1262 699; x_wconf 88' lang='lat' dir='ltr'><strong>omnes</strong></span> <span class='ocrx_word' id='word_1_29' title='bbox 1302 640 1654 698; x_wconf 82' lang='lat' dir='ltr'><strong>adversarios</strong></span> <span class='ocrx_word' id='word_1_30' title='bbox 1691 649 1913 717; x_wconf 82' lang='lat' dir='ltr'><strong>putare,</strong></span> <span class='ocrx_word' id='word_1_31' title='bbox 1941 639 2053 697; x_wconf 91' lang='lat' dir='ltr'><strong>nisi</strong></span> <span class='ocrx_word' id='word_1_32' title='bbox 2091 640 2191 716; x_wconf 90' lang='lat' dir='ltr'><strong>qui</strong></span> <span class='ocrx_word' id='word_1_33' title='bbox 2230 642 2418 698; x_wconf 86' lang='lat' dir='ltr'><strong>nobis-</strong></span> 
     </span>
     <span class='ocr_line' id='line_1_5' title="bbox 449 719 2417 794; baseline -0.002 -15"><span class='ocrx_word' id='word_1_34' title='bbox 449 739 582 779; x_wconf 87' lang='lat' dir='ltr'><strong>cum</strong></span> <span class='ocrx_word' id='word_1_35' title='bbox 621 729 847 790; x_wconf 88' lang='lat' dir='ltr'><strong>essent;</strong></span> <span class='ocrx_word' id='word_1_36' title='bbox 889 728 948 776; x_wconf 87' lang='lat' dir='ltr'><strong>te</strong></span> <span class='ocrx_word' id='word_1_37' title='bbox 973 737 1191 789; x_wconf 75' lang='lat' dir='ltr'><strong>omneS,</strong></span> <span class='ocrx_word' id='word_1_38' title='bbox 1220 719 1317 794; x_wconf 87' lang='lat' dir='ltr'><strong>qui</strong></span> <span class='ocrx_word' id='word_1_39' title='bbox 1360 728 1559 776; x_wconf 85' lang='lat' dir='ltr'><strong>contra</strong></span> <span class='ocrx_word' id='word_1_40' title='bbox 1598 728 1655 776; x_wconf 88' lang='lat' dir='ltr'><strong>te</strong></span> <span class='ocrx_word' id='word_1_41' title='bbox 1694 739 1810 776; x_wconf 88' lang='lat' dir='ltr'><strong>non</strong></span> <span class='ocrx_word' id='word_1_42' title='bbox 1850 729 2061 788; x_wconf 87' lang='lat' dir='ltr'><strong>essent,</strong></span> <span class='ocrx_word' id='word_1_43' title='bbox 2088 729 2234 776; x_wconf 90' lang='lat' dir='ltr'><strong>tuos.</strong></span> <span class='ocrx_word' id='word_1_44' title='bbox 2316 719 2417 776; x_wconf 91' lang='lat' dir='ltr'><strong>Vi-</strong></span> 
     </span>
     <span class='ocr_line' id='line_1_6' title="bbox 377 796 2415 876; baseline -0 -20"><span class='ocrx_word' id='word_1_45' title='bbox 377 812 414 866; x_wconf 84' lang='lat'><strong>5</strong></span> <span class='ocrx_word' id='word_1_46' title='bbox 449 800 624 856; x_wconf 86' lang='lat' dir='ltr'><strong>desne</strong></span> <span class='ocrx_word' id='word_1_47' title='bbox 681 797 853 876; x_wconf 85' lang='lat' dir='ltr'><strong>igitur</strong></span> <span class='ocrx_word' id='word_1_48' title='bbox 913 797 1069 856; x_wconf 86' lang='lat' dir='ltr'><strong>hunc</strong></span> <span class='ocrx_word' id='word_1_49' title='bbox 1129 796 1506 874; x_wconf 83' lang='lat' dir='ltr'><strong>splendorem,</strong></span> <span class='ocrx_word' id='word_1_50' title='bbox 1546 815 1773 854; x_wconf 89' lang='lat' dir='ltr'><strong>omnem</strong></span> <span class='ocrx_word' id='word_1_51' title='bbox 1820 797 1973 856; x_wconf 80' lang='lat' dir='ltr'><strong>hanc</strong></span> <span class='ocrx_word' id='word_1_52' title='bbox 2028 797 2415 855; x_wconf 83' lang='lat' dir='ltr'><strong>Brocchorum</strong></span> 
     </span>
     <span class='ocr_line' id='line_1_7' title="bbox 449 874 2415 948; baseline -0.001 -14"><span class='ocrx_word' id='word_1_53' title='bbox 449 879 700 948; x_wconf 87' lang='lat' dir='ltr'><strong>domum,</strong></span> <span class='ocrx_word' id='word_1_54' title='bbox 756 877 913 936; x_wconf 88' lang='lat' dir='ltr'><strong>hunc</strong></span> <span class='ocrx_word' id='word_1_55' title='bbox 965 874 1032 934; x_wconf 94' lang='lat' dir='ltr'><strong>L.</strong></span> <span class='ocrx_word' id='word_1_56' title='bbox 1083 874 1394 948; x_wconf 87' lang='lat' dir='ltr'><strong>Marcium,</strong></span> <span class='ocrx_word' id='word_1_57' title='bbox 1443 876 1512 932; x_wconf 88' lang='lat' dir='ltr'><strong>C.</strong></span> <span class='ocrx_word' id='word_1_58' title='bbox 1562 876 1895 948; x_wconf 60' lang='lat' dir='ltr'><strong>Caesetium,</strong></span> <span class='ocrx_word' id='word_1_59' title='bbox 1952 876 2019 932; x_wconf 91' lang='lat' dir='ltr'><strong>L.</strong></span> <span class='ocrx_word' id='word_1_60' title='bbox 2076 875 2415 946; x_wconf 84' lang='lat' dir='ltr'><strong>Corfidium,</strong></span> 
     </span>
     <span class='ocr_line' id='line_1_8' title="bbox 449 953 2417 1030; baseline -0.002 -15"><span class='ocrx_word' id='word_1_61' title='bbox 449 957 621 1016; x_wconf 87' lang='lat' dir='ltr'><strong>hosce</strong></span> <span class='ocrx_word' id='word_1_62' title='bbox 645 974 845 1014; x_wconf 88' lang='lat' dir='ltr'><strong>omnes</strong></span> <span class='ocrx_word' id='word_1_63' title='bbox 879 955 1099 1030; x_wconf 82' lang='lat' dir='ltr'>equites</span> <span class='ocrx_word' id='word_1_64' title='bbox 1139 954 1454 1024; x_wconf 77' lang='lat' dir='ltr'><strong>Romanos,</strong></span> <span class='ocrx_word' id='word_1_65' title='bbox 1481 953 1579 1030; x_wconf 93' lang='lat' dir='ltr'><strong>qui</strong></span> <span class='ocrx_word' id='word_1_66' title='bbox 1622 955 1827 1012; x_wconf 85' lang='lat' dir='ltr'><strong>adsunt</strong></span> <span class='ocrx_word' id='word_1_67' title='bbox 1853 963 2008 1012; x_wconf 90' lang='lat' dir='ltr'><strong>veste</strong></span> <span class='ocrx_word' id='word_1_68' title='bbox 2035 955 2274 1024; x_wconf 67' lang='lat' dir='ltr'><strong>mutata,</strong></span> <span class='ocrx_word' id='word_1_69' title='bbox 2303 974 2417 1011; x_wconf 91' lang='lat' dir='ltr'><strong>non</strong></span> 
     </span>
     <span class='ocr_line' id='line_1_9' title="bbox 449 1031 2415 1109; baseline -0.002 -15"><span class='ocrx_word' id='word_1_70' title='bbox 449 1033 634 1094; x_wconf 68' lang='lat' dir='ltr'><strong>solum</strong></span> <span class='ocrx_word' id='word_1_71' title='bbox 673 1045 835 1094; x_wconf 85' lang='lat' dir='ltr'><strong>notos</strong></span> <span class='ocrx_word' id='word_1_72' title='bbox 869 1033 995 1105; x_wconf 89' lang='lat' dir='ltr'><strong>tibi,</strong></span> <span class='ocrx_word' id='word_1_73' title='bbox 1023 1031 1222 1091; x_wconf 71' lang='lat' dir='ltr'><strong>verum</strong></span> <span class='ocrx_word' id='word_1_74' title='bbox 1261 1033 1438 1090; x_wconf 85' lang='lat' dir='ltr'><strong>etiam</strong></span> <span class='ocrx_word' id='word_1_75' title='bbox 1476 1033 1739 1109; x_wconf 82' lang='lat' dir='ltr'><strong>probatos</strong></span> <span class='ocrx_word' id='word_1_76' title='bbox 1766 1033 1933 1103; x_wconf 72' lang='lat' dir='ltr'><strong>viros,</strong></span> <span class='ocrx_word' id='word_1_77' title='bbox 1962 1041 2155 1090; x_wconf 87' lang='lat' dir='ltr'><strong>tecum</strong></span> <span class='ocrx_word' id='word_1_78' title='bbox 2198 1032 2415 1090; x_wconf 67' lang='lat' dir='ltr'><strong>fuisse?</strong></span> 
     </span>
     <span class='ocr_line' id='line_1_10' title="bbox 451 1111 2419 1191; baseline -0.002 -20"><span class='ocrx_word' id='word_1_79' title='bbox 451 1116 644 1191; x_wconf 82' lang='lat' dir='ltr'>Atque</span> <span class='ocrx_word' id='word_1_80' title='bbox 662 1115 752 1172; x_wconf 88' lang='lat' dir='ltr'><strong>his</strong></span> <span class='ocrx_word' id='word_1_81' title='bbox 772 1113 1161 1173; x_wconf 81' lang='lat' dir='ltr'><strong>irascebamur</strong></span> <span class='ocrx_word' id='word_1_82' title='bbox 1178 1131 1192 1182; x_wconf 92' lang='grc'><strong>;</strong></span> <span class='ocrx_word' id='word_1_83' title='bbox 1236 1112 1338 1170; x_wconf 92' lang='lat' dir='ltr'><strong>hos</strong></span> <span class='ocrx_word' id='word_1_84' title='bbox 1359 1111 1789 1187; x_wconf 75' lang='lat' dir='ltr'><strong>requirebamus</strong></span> <span class='ocrx_word' id='word_1_85' title='bbox 1809 1112 1944 1181; x_wconf 82' lang='lat' dir='ltr'><strong>3-his</strong></span> <span class='ocrx_word' id='word_1_86' title='bbox 1963 1111 2221 1169; x_wconf 85' lang='lat' dir='ltr'><strong>nonnulli</strong></span> <span class='ocrx_word' id='word_1_87' title='bbox 2244 1112 2419 1168; x_wconf 86' lang='lat' dir='ltr'><strong>etiam</strong></span> 
     </span>
     <span class='ocr_line' id='line_1_11' title="bbox 350 1189 2420 1272; baseline -0.002 -22"><span class='ocrx_word' id='word_1_88' title='bbox 350 1202 419 1256; x_wconf 89' lang='lat'><strong>10</strong></span> <span class='ocrx_word' id='word_1_89' title='bbox 455 1192 892 1272; x_wconf 63' lang='lat' dir='ltr'><strong>[minabamur]</strong></span> <span class='ocrx_word' id='word_1_90' title='bbox 977 1191 1270 1249; x_wconf 81' lang='lat' dir='ltr'><strong>Conserva</strong></span> <span class='ocrx_word' id='word_1_91' title='bbox 1323 1191 1497 1267; x_wconf 87' lang='lat' dir='ltr'><strong>igitur</strong></span> <span class='ocrx_word' id='word_1_92' title='bbox 1550 1190 1666 1246; x_wconf 92' lang='lat' dir='ltr'><strong>tuis</strong></span> <span class='ocrx_word' id='word_1_93' title='bbox 1704 1209 1872 1260; x_wconf 84' lang='lat' dir='ltr'><strong>suos3</strong></span> <span class='ocrx_word' id='word_1_94' title='bbox 1931 1198 2013 1259; x_wconf 88' lang='lat' dir='ltr'><strong>ut,</strong></span> <span class='ocrx_word' id='word_1_95' title='bbox 2054 1189 2420 1265; x_wconf 86' lang='lat' dir='ltr'><strong>quemadmo-</strong></span> 
     </span>
     <span class='ocr_line' id='line_1_12' title="bbox 451 1267 2422 1346; baseline -0.002 -17"><span class='ocrx_word' id='word_1_96' title='bbox 451 1274 589 1328; x_wconf 90' lang='lat' dir='ltr'><strong>dum</strong></span> <span class='ocrx_word' id='word_1_97' title='bbox 629 1281 840 1329; x_wconf 80' lang='lat' dir='ltr'><strong>caetera</strong></span> <span class='ocrx_word' id='word_1_98' title='bbox 877 1289 1004 1346; x_wconf 82' lang='lat' dir='ltr'><strong>quae</strong></span> <span class='ocrx_word' id='word_1_99' title='bbox 1043 1269 1203 1326; x_wconf 82' lang='lat' dir='ltr'><strong>dicta</strong></span> <span class='ocrx_word' id='word_1_100' title='bbox 1227 1279 1363 1326; x_wconf 88' lang='lat' dir='ltr'><strong>sunt</strong></span> <span class='ocrx_word' id='word_1_101' title='bbox 1389 1287 1424 1325; x_wconf 87' lang='lat' dir='ltr'><strong>a</strong></span> <span class='ocrx_word' id='word_1_102' title='bbox 1448 1278 1527 1340; x_wconf 90' lang='lat' dir='ltr'><strong>te,</strong></span> <span class='ocrx_word' id='word_1_103' title='bbox 1556 1268 1643 1326; x_wconf 88' lang='lat' dir='ltr'><strong>sic</strong></span> <span class='ocrx_word' id='word_1_104' title='bbox 1669 1269 1781 1326; x_wconf 92' lang='lat' dir='ltr'><strong>hoc</strong></span> <span class='ocrx_word' id='word_1_105' title='bbox 1818 1267 2177 1326; x_wconf 88' lang='lat' dir='ltr'><strong>verissimum</strong></span> <span class='ocrx_word' id='word_1_106' title='bbox 2212 1269 2422 1344; x_wconf 88' lang='lat' dir='ltr'><strong>reperi·</strong></span> 
     </span>
     <span class='ocr_line' id='line_1_13' title="bbox 453 1359 596 1408; baseline -0.014 0"><span class='ocrx_word' id='word_1_107' title='bbox 453 1359 596 1408; x_wconf 73' lang='lat' dir='ltr'><strong>ntur.</strong></span> 
     </span>
     <span class='ocr_line' id='line_1_14' title="bbox 529 1423 2423 1506; baseline -0.003 -20"><span class='ocrx_word' id='word_1_108' title='bbox 529 1426 676 1486; x_wconf 89' lang='lat' dir='ltr'>XII.</span> <span class='ocrx_word' id='word_1_109' title='bbox 742 1425 926 1506; x_wconf 71' lang='lat' dir='ltr'><strong>Quod</strong></span> <span class='ocrx_word' id='word_1_110' title='bbox 968 1425 1016 1483; x_wconf 88' lang='lat' dir='ltr'><strong>si</strong></span> <span class='ocrx_word' id='word_1_111' title='bbox 1053 1423 1285 1502; x_wconf 73' lang='lat' dir='ltr'><strong>penitus</strong></span> <span class='ocrx_word' id='word_1_112' title='bbox 1321 1425 1647 1502; x_wconf 80' lang='lat' dir='ltr'><strong>perspicere</strong></span> <span class='ocrx_word' id='word_1_113' title='bbox 1684 1443 1881 1502; x_wconf 89' lang='lat' dir='ltr'><strong>posses</strong></span> <span class='ocrx_word' id='word_1_114' title='bbox 1920 1424 2285 1483; x_wconf 82' lang='lat' dir='ltr'><strong>concordiam</strong></span> <span class='ocrx_word' id='word_1_115' title='bbox 2326 1425 2423 1482; x_wconf 89' lang='lat' dir='ltr'><strong>Li·</strong></span> 
     </span>
     <span class='ocr_line' id='line_1_15' title="bbox 454 1504 2425 1584; baseline -0.002 -20"><span class='ocrx_word' id='word_1_116' title='bbox 454 1507 763 1584; x_wconf 82' lang='lat' dir='ltr'><strong>gariorum,</strong></span> <span class='ocrx_word' id='word_1_117' title='bbox 789 1523 990 1563; x_wconf 90' lang='lat' dir='ltr'><strong>omnes</strong></span> <span class='ocrx_word' id='word_1_118' title='bbox 1025 1505 1227 1563; x_wconf 71' lang='lat' dir='ltr'><strong>iratres</strong></span> <span class='ocrx_word' id='word_1_119' title='bbox 1261 1514 1456 1562; x_wconf 90' lang='lat' dir='ltr'><strong>tecum</strong></span> <span class='ocrx_word' id='word_1_120' title='bbox 1498 1504 1789 1580; x_wconf 82' lang='lat' dir='ltr'><strong>judicares</strong></span> <span class='ocrx_word' id='word_1_121' title='bbox 1830 1504 2021 1561; x_wconf 85' lang='lat' dir='ltr'><strong>fuisse.</strong></span> <span class='ocrx_word' id='word_1_122' title='bbox 2104 1505 2201 1560; x_wconf 88' lang='lat' dir='ltr'><strong>An</strong></span> <span class='ocrx_word' id='word_1_123' title='bbox 2240 1513 2425 1580; x_wconf 87' lang='lat' dir='ltr'><strong>potest</strong></span> 
     </span>
     <span class='ocr_line' id='line_1_16' title="bbox 363 1582 2424 1662; baseline 0 -24"><span class='ocrx_word' id='word_1_124' title='bbox 363 1585 422 1638; x_wconf 80' lang='lat'><strong>15</strong></span> <span class='ocrx_word' id='word_1_125' title='bbox 455 1586 754 1662; x_wconf 85' lang='lat' dir='ltr'><strong>quisquam</strong></span> <span class='ocrx_word' id='word_1_126' title='bbox 782 1583 1065 1655; x_wconf 88' lang='lat' dir='ltr'><strong>dubitare,</strong></span> <span class='ocrx_word' id='word_1_127' title='bbox 1093 1583 1253 1659; x_wconf 90' lang='lat' dir='ltr'><strong>quin,</strong></span> <span class='ocrx_word' id='word_1_128' title='bbox 1281 1584 1330 1640; x_wconf 87' lang='lat' dir='ltr'><strong>si</strong></span> <span class='ocrx_word' id='word_1_129' title='bbox 1370 1584 1450 1645; x_wconf 80' lang='lat' dir='ltr'><strong>Q.</strong></span> <span class='ocrx_word' id='word_1_130' title='bbox 1481 1583 1749 1660; x_wconf 82' lang='lat' dir='ltr'><strong>Ligarius</strong></span> <span class='ocrx_word' id='word_1_131' title='bbox 1777 1582 1837 1640; x_wconf 89' lang='lat' dir='ltr'><strong>in</strong></span> <span class='ocrx_word' id='word_1_132' title='bbox 1863 1582 2036 1639; x_wconf 63' lang='lat' dir='ltr'><strong>Italia</strong></span> <span class='ocrx_word' id='word_1_133' title='bbox 2064 1602 2189 1640; x_wconf 89' lang='lat' dir='ltr'><strong>esse</strong></span> <span class='ocrx_word' id='word_1_134' title='bbox 2215 1583 2424 1658; x_wconf 90' lang='lat' dir='ltr'><strong>potuis-</strong></span> 
     </span>
     <span class='ocr_line' id='line_1_17' title="bbox 457 1661 2421 1736; baseline -0.002 -14"><span class='ocrx_word' id='word_1_135' title='bbox 457 1675 562 1736; x_wconf 85' lang='lat' dir='ltr'><strong>set,</strong></span> <span class='ocrx_word' id='word_1_136' title='bbox 593 1665 652 1722; x_wconf 91' lang='lat' dir='ltr'><strong>in</strong></span> <span class='ocrx_word' id='word_1_137' title='bbox 680 1663 884 1722; x_wconf 67' lang='lat' dir='ltr'><strong>efidem</strong></span> <span class='ocrx_word' id='word_1_138' title='bbox 912 1663 1197 1720; x_wconf 63' lang='lat' dir='ltr'><strong>sententia</strong></span> <span class='ocrx_word' id='word_1_139' title='bbox 1225 1662 1449 1719; x_wconf 85' lang='lat' dir='ltr'><strong>futurus</strong></span> <span class='ocrx_word' id='word_1_140' title='bbox 1478 1662 1666 1732; x_wconf 86' lang='lat' dir='ltr'><strong>fuerit,</strong></span> <span class='ocrx_word' id='word_1_141' title='bbox 1695 1661 1756 1718; x_wconf 92' lang='lat' dir='ltr'><strong>in</strong></span> <span class='ocrx_word' id='word_1_142' title='bbox 1783 1661 1896 1736; x_wconf 60' lang='lat' dir='ltr'><strong>qud</strong></span> <span class='ocrx_word' id='word_1_143' title='bbox 1924 1662 2126 1720; x_wconf 80' lang='lat' dir='ltr'><strong>fratres</strong></span> <span class='ocrx_word' id='word_1_144' title='bbox 2153 1661 2421 1720; x_wconf 78' lang='lat' dir='ltr'><strong>fuerunt&#39;l</strong></span> 
     </span>
     <span class='ocr_line' id='line_1_18' title="bbox 455 1738 2425 1818; baseline -0.002 -18"><span class='ocrx_word' id='word_1_145' title='bbox 455 1743 612 1807; x_wconf 80' lang='lat' dir='ltr'><strong>Quis</strong></span> <span class='ocrx_word' id='word_1_146' title='bbox 651 1752 757 1814; x_wconf 87' lang='lat' dir='ltr'><strong>est,</strong></span> <span class='ocrx_word' id='word_1_147' title='bbox 784 1741 883 1818; x_wconf 88' lang='lat' dir='ltr'><strong>qui</strong></span> <span class='ocrx_word' id='word_1_148' title='bbox 923 1743 1124 1800; x_wconf 89' lang='lat' dir='ltr'><strong>horum</strong></span> <span class='ocrx_word' id='word_1_149' title='bbox 1165 1759 1506 1799; x_wconf 89' lang='lat' dir='ltr'><strong>consensum</strong></span> <span class='ocrx_word' id='word_1_150' title='bbox 1548 1740 1967 1818; x_wconf 79' lang='lat' dir='ltr'><strong>conspirantem</strong></span> <span class='ocrx_word' id='word_1_151' title='bbox 2007 1750 2065 1798; x_wconf 87' lang='lat' dir='ltr'><strong>et</strong></span> <span class='ocrx_word' id='word_1_152' title='bbox 2102 1738 2249 1816; x_wconf 72' lang='lat' dir='ltr'><strong>pene</strong></span> <span class='ocrx_word' id='word_1_153' title='bbox 2291 1759 2425 1798; x_wconf 91' lang='lat' dir='ltr'><strong>con-</strong></span> 
     </span>
     <span class='ocr_line' id='line_1_19' title="bbox 459 1817 2424 1898; baseline -0.004 -17"><span class='ocrx_word' id='word_1_154' title='bbox 459 1823 678 1894; x_wconf 89' lang='lat' dir='ltr'><strong>flatum,</strong></span> <span class='ocrx_word' id='word_1_155' title='bbox 720 1821 780 1880; x_wconf 89' lang='lat' dir='ltr'><strong>in</strong></span> <span class='ocrx_word' id='word_1_156' title='bbox 821 1822 932 1879; x_wconf 83' lang='lat' dir='ltr'><strong>hac</strong></span> <span class='ocrx_word' id='word_1_157' title='bbox 970 1819 1142 1898; x_wconf 75' lang='lat' dir='ltr'><strong>prope</strong></span> <span class='ocrx_word' id='word_1_158' title='bbox 1185 1820 1509 1895; x_wconf 62' lang='lat' dir='ltr'><strong>{equalitate</strong></span> <span class='ocrx_word' id='word_1_159' title='bbox 1550 1817 1820 1890; x_wconf 60' lang='lat' dir='ltr'><strong>fraterna,</strong></span> <span class='ocrx_word' id='word_1_160' title='bbox 1861 1838 1977 1876; x_wconf 88' lang='lat' dir='ltr'><strong>non</strong></span> <span class='ocrx_word' id='word_1_161' title='bbox 2016 1818 2273 1876; x_wconf 68' lang='lat' dir='ltr'><strong>noverit?</strong></span> <span class='ocrx_word' id='word_1_162' title='bbox 2327 1818 2424 1894; x_wconf 90' lang='lat' dir='ltr'><strong>qui</strong></span> 
     </span>
     <span class='ocr_line' id='line_1_20' title="bbox 461 1894 2426 1975; baseline -0.003 -16"><span class='ocrx_word' id='word_1_163' title='bbox 461 1903 570 1959; x_wconf 93' lang='lat' dir='ltr'><strong>hoc</strong></span> <span class='ocrx_word' id='word_1_164' title='bbox 609 1920 722 1959; x_wconf 88' lang='lat' dir='ltr'><strong>non</strong></span> <span class='ocrx_word' id='word_1_165' title='bbox 779 1899 1008 1972; x_wconf 85' lang='lat' dir='ltr'><strong>sentiat,</strong></span> <span class='ocrx_word' id='word_1_166' title='bbox 1051 1899 1274 1974; x_wconf 89' lang='lat' dir='ltr'><strong>quidvis</strong></span> <span class='ocrx_word' id='word_1_167' title='bbox 1317 1894 1477 1975; x_wconf 72' lang='lat' dir='ltr'><strong>prius</strong></span> <span class='ocrx_word' id='word_1_168' title='bbox 1517 1897 1771 1955; x_wconf 87' lang='lat' dir='ltr'><strong>futurum</strong></span> <span class='ocrx_word' id='word_1_169' title='bbox 1812 1897 2007 1969; x_wconf 85' lang='lat' dir='ltr'><strong>fuisse,</strong></span> <span class='ocrx_word' id='word_1_170' title='bbox 2049 1895 2222 1971; x_wconf 66' lang='lat' dir='ltr'><strong>quam</strong></span> <span class='ocrx_word' id='word_1_171' title='bbox 2262 1908 2325 1955; x_wconf 88' lang='lat' dir='ltr'><strong>ut</strong></span> <span class='ocrx_word' id='word_1_172' title='bbox 2365 1897 2426 1955; x_wconf 92' lang='lat' dir='ltr'><strong>hi</strong></span> 
     </span>
     <span class='ocr_line' id='line_1_21' title="bbox 356 1974 2425 2052; baseline -0.002 -14"><span class='ocrx_word' id='word_1_173' title='bbox 356 1990 428 2043; x_wconf 80' lang='lat'><strong>20</strong></span> <span class='ocrx_word' id='word_1_174' title='bbox 462 1981 664 2038; x_wconf 85' lang='lat' dir='ltr'><strong>fratres</strong></span> <span class='ocrx_word' id='word_1_175' title='bbox 690 1979 944 2036; x_wconf 81' lang='lat' dir='ltr'><strong>diversas</strong></span> <span class='ocrx_word' id='word_1_176' title='bbox 977 1977 1292 2036; x_wconf 88' lang='lat' dir='ltr'><strong>sententias</strong></span> <span class='ocrx_word' id='word_1_177' title='bbox 1333 1977 1697 2052; x_wconf 80' lang='lat' dir='ltr'><strong>fortunasque</strong></span> <span class='ocrx_word' id='word_1_178' title='bbox 1738 1977 2151 2052; x_wconf 69' lang='lat' dir='ltr'><strong>sequerentur?</strong></span> <span class='ocrx_word' id='word_1_179' title='bbox 2210 1974 2425 2034; x_wconf 90' lang='lat' dir='ltr'><strong>Volun-</strong></span> 
     </span>
     <span class='ocr_line' id='line_1_22' title="bbox 462 2055 2429 2134; baseline -0.002 -19"><span class='ocrx_word' id='word_1_180' title='bbox 462 2068 578 2116; x_wconf 86' lang='lat' dir='ltr'><strong>tate</strong></span> <span class='ocrx_word' id='word_1_181' title='bbox 635 2057 808 2134; x_wconf 87' lang='lat' dir='ltr'><strong>igitur</strong></span> <span class='ocrx_word' id='word_1_182' title='bbox 863 2075 1061 2114; x_wconf 90' lang='lat' dir='ltr'><strong>omnes</strong></span> <span class='ocrx_word' id='word_1_183' title='bbox 1100 2066 1294 2113; x_wconf 90' lang='lat' dir='ltr'><strong>tecum</strong></span> <span class='ocrx_word' id='word_1_184' title='bbox 1323 2055 1599 2130; x_wconf 68' lang='lat' dir='ltr'><strong>filerunt:</strong></span> <span class='ocrx_word' id='word_1_185' title='bbox 1660 2064 1996 2132; x_wconf 88' lang='lat' dir='ltr'><strong>tempestate</strong></span> <span class='ocrx_word' id='word_1_186' title='bbox 2038 2055 2303 2130; x_wconf 82' lang='lat' dir='ltr'><strong>abreptus</strong></span> <span class='ocrx_word' id='word_1_187' title='bbox 2342 2063 2429 2112; x_wconf 88' lang='lat' dir='ltr'><strong>est</strong></span> 
     </span>
     <span class='ocr_line' id='line_1_23' title="bbox 463 2132 2427 2211; baseline -0.002 -17"><span class='ocrx_word' id='word_1_188' title='bbox 463 2155 646 2206; x_wconf 88' lang='lat' dir='ltr'><strong>unus;</strong></span> <span class='ocrx_word' id='word_1_189' title='bbox 689 2135 808 2211; x_wconf 90' lang='lat' dir='ltr'><strong>qui,</strong></span> <span class='ocrx_word' id='word_1_190' title='bbox 851 2135 900 2192; x_wconf 91' lang='lat' dir='ltr'><strong>si</strong></span> <span class='ocrx_word' id='word_1_191' title='bbox 941 2133 1179 2192; x_wconf 89' lang='lat' dir='ltr'><strong>consilio</strong></span> <span class='ocrx_word' id='word_1_192' title='bbox 1219 2134 1278 2190; x_wconf 91' lang='lat' dir='ltr'><strong>id</strong></span> <span class='ocrx_word' id='word_1_193' title='bbox 1319 2132 1569 2205; x_wconf 90' lang='lat' dir='ltr'><strong>fecisset,</strong></span> <span class='ocrx_word' id='word_1_194' title='bbox 1612 2143 1761 2191; x_wconf 88' lang='lat' dir='ltr'><strong>esset</strong></span> <span class='ocrx_word' id='word_1_195' title='bbox 1800 2151 1997 2191; x_wconf 89' lang='lat' dir='ltr'><strong>eorum</strong></span> <span class='ocrx_word' id='word_1_196' title='bbox 2038 2132 2260 2206; x_wconf 76' lang='lat' dir='ltr'><strong>similis,</strong></span> <span class='ocrx_word' id='word_1_197' title='bbox 2288 2152 2427 2210; x_wconf 88' lang='lat' dir='ltr'><strong>quos</strong></span> 
     </span>
     <span class='ocr_line' id='line_1_24' title="bbox 463 2212 1381 2274; baseline -0.005 0"><span class='ocrx_word' id='word_1_198' title='bbox 463 2225 527 2274; x_wconf 88' lang='lat' dir='ltr'><strong>tu</strong></span> <span class='ocrx_word' id='word_1_199' title='bbox 553 2225 745 2274; x_wconf 90' lang='lat' dir='ltr'><strong>tamen</strong></span> <span class='ocrx_word' id='word_1_200' title='bbox 775 2214 957 2273; x_wconf 82' lang='lat' dir='ltr'><strong>salvos</strong></span> <span class='ocrx_word' id='word_1_201' title='bbox 984 2231 1109 2271; x_wconf 89' lang='lat' dir='ltr'><strong>esse</strong></span> <span class='ocrx_word' id='word_1_202' title='bbox 1137 2212 1381 2271; x_wconf 86' lang='lat' dir='ltr'><strong>voluisti.</strong></span> 
     </span>
     <span class='ocr_line' id='line_1_25' title="bbox 545 2288 2429 2363; baseline -0.002 -10"><span class='ocrx_word' id='word_1_203' title='bbox 545 2296 662 2353; x_wconf 89' lang='lat' dir='ltr'><strong>Sed</strong></span> <span class='ocrx_word' id='word_1_204' title='bbox 704 2294 833 2353; x_wconf 89' lang='lat' dir='ltr'><strong>ierit</strong></span> <span class='ocrx_word' id='word_1_205' title='bbox 876 2294 948 2351; x_wconf 82' lang='lat' dir='ltr'><strong>ad</strong></span> <span class='ocrx_word' id='word_1_206' title='bbox 990 2293 1242 2350; x_wconf 86' lang='lat' dir='ltr'><strong>bellum:</strong></span> <span class='ocrx_word' id='word_1_207' title='bbox 1283 2291 1630 2363; x_wconf 84' lang='lat' dir='ltr'><strong>discesserit,</strong></span> <span class='ocrx_word' id='word_1_208' title='bbox 1670 2311 1784 2350; x_wconf 89' lang='lat' dir='ltr'><strong>non</strong></span> <span class='ocrx_word' id='word_1_209' title='bbox 1828 2309 1862 2349; x_wconf 87' lang='lat' dir='ltr'><strong>a</strong></span> <span class='ocrx_word' id='word_1_210' title='bbox 1900 2300 1957 2348; x_wconf 88' lang='lat' dir='ltr'><strong>te</strong></span> <span class='ocrx_word' id='word_1_211' title='bbox 1998 2289 2202 2362; x_wconf 70' lang='lat' dir='ltr'><strong>solum,</strong></span> <span class='ocrx_word' id='word_1_212' title='bbox 2230 2288 2429 2349; x_wconf 74' lang='lat' dir='ltr'><strong>verum</strong></span> 
     </span>
     <span class='ocr_line' id='line_1_26' title="bbox 361 2367 2431 2447; baseline -0.003 -14"><span class='ocrx_word' id='word_1_213' title='bbox 361 2385 434 2439; x_wconf 81' lang='lat'><strong>25</strong></span> <span class='ocrx_word' id='word_1_214' title='bbox 467 2376 639 2433; x_wconf 87' lang='lat' dir='ltr'><strong>etiam</strong></span> <span class='ocrx_word' id='word_1_215' title='bbox 669 2393 703 2432; x_wconf 85' lang='lat' dir='ltr'><strong>a</strong></span> <span class='ocrx_word' id='word_1_216' title='bbox 730 2373 1032 2431; x_wconf 86' lang='lat' dir='ltr'><strong>fratribus:</strong></span> <span class='ocrx_word' id='word_1_217' title='bbox 1076 2372 1135 2430; x_wconf 92' lang='lat' dir='ltr'><strong>hi</strong></span> <span class='ocrx_word' id='word_1_218' title='bbox 1163 2381 1220 2429; x_wconf 92' lang='lat' dir='ltr'><strong>te</strong></span> <span class='ocrx_word' id='word_1_219' title='bbox 1247 2380 1413 2429; x_wconf 86' lang='lat' dir='ltr'><strong>orant</strong></span> <span class='ocrx_word' id='word_1_220' title='bbox 1439 2370 1541 2427; x_wconf 89' lang='lat' dir='ltr'><strong>tui.</strong></span> <span class='ocrx_word' id='word_1_221' title='bbox 1624 2370 1928 2447; x_wconf 87' lang='lat' dir='ltr'><strong>Equidem,</strong></span> <span class='ocrx_word' id='word_1_222' title='bbox 1952 2367 2087 2429; x_wconf 71' lang='lat' dir='ltr'><strong>cum</strong></span> <span class='ocrx_word' id='word_1_223' title='bbox 2114 2370 2228 2427; x_wconf 88' lang='lat' dir='ltr'><strong>tuis</strong></span> <span class='ocrx_word' id='word_1_224' title='bbox 2252 2371 2431 2429; x_wconf 91' lang='lat' dir='ltr'><strong>omni-</strong></span> 
     </span>
     <span class='ocr_line' id='line_1_27' title="bbox 467 2448 2431 2531; baseline -0.003 -19"><span class='ocrx_word' id='word_1_225' title='bbox 467 2456 574 2511; x_wconf 90' lang='lat' dir='ltr'><strong>bus</strong></span> <span class='ocrx_word' id='word_1_226' title='bbox 613 2453 856 2531; x_wconf 86' lang='lat' dir='ltr'><strong>negotiis</strong></span> <span class='ocrx_word' id='word_1_227' title='bbox 898 2452 1252 2521; x_wconf 87' lang='lat' dir='ltr'><strong>interessem,</strong></span> <span class='ocrx_word' id='word_1_228' title='bbox 1280 2449 1555 2515; x_wconf 58' lang='lat' dir='ltr'><strong>memoria</strong></span> <span class='ocrx_word' id='word_1_229' title='bbox 1596 2459 1783 2520; x_wconf 93' lang='lat' dir='ltr'><strong>teneo,</strong></span> <span class='ocrx_word' id='word_1_230' title='bbox 1812 2448 1997 2524; x_wconf 80' lang='lat' dir='ltr'><strong>qualis</strong></span> <span class='ocrx_word' id='word_1_231' title='bbox 2036 2448 2112 2506; x_wconf 90' lang='lat' dir='ltr'><strong>T.</strong></span> <span class='ocrx_word' id='word_1_232' title='bbox 2143 2448 2431 2526; x_wconf 82' lang='lat' dir='ltr'><strong>Ligarius,</strong></span> 
     </span>
     <span class='ocr_line' id='line_1_28' title="bbox 467 2528 2433 2608; baseline -0.002 -19"><span class='ocrx_word' id='word_1_233' title='bbox 467 2544 708 2608; x_wconf 84' lang='lat' dir='ltr'><strong>quaestor</strong></span> <span class='ocrx_word' id='word_1_234' title='bbox 762 2531 1036 2601; x_wconf 74' lang='lat' dir='ltr'><strong>urbanuS,</strong></span> <span class='ocrx_word' id='word_1_235' title='bbox 1080 2530 1251 2587; x_wconf 87' lang='lat' dir='ltr'><strong>fuerit</strong></span> <span class='ocrx_word' id='word_1_236' title='bbox 1303 2548 1444 2605; x_wconf 84' lang='lat' dir='ltr'><strong>erga</strong></span> <span class='ocrx_word' id='word_1_237' title='bbox 1482 2538 1540 2585; x_wconf 88' lang='lat' dir='ltr'><strong>te</strong></span> <span class='ocrx_word' id='word_1_238' title='bbox 1580 2539 1638 2585; x_wconf 89' lang='lat' dir='ltr'><strong>et</strong></span> <span class='ocrx_word' id='word_1_239' title='bbox 1677 2528 2016 2604; x_wconf 87' lang='lat' dir='ltr'><strong>dignitatem</strong></span> <span class='ocrx_word' id='word_1_240' title='bbox 2056 2538 2230 2585; x_wconf 79' lang='lat' dir='ltr'><strong>tuam.</strong></span> <span class='ocrx_word' id='word_1_241' title='bbox 2317 2528 2433 2585; x_wconf 89' lang='lat' dir='ltr'><strong>Sed</strong></span> 
     </span>
     <span class='ocr_line' id='line_1_29' title="bbox 466 2604 2433 2688; baseline -0.003 -20"><span class='ocrx_word' id='word_1_242' title='bbox 466 2630 669 2688; x_wconf 87' lang='lat' dir='ltr'><strong>parum</strong></span> <span class='ocrx_word' id='word_1_243' title='bbox 695 2620 800 2681; x_wconf 88' lang='lat' dir='ltr'><strong>est,</strong></span> <span class='ocrx_word' id='word_1_244' title='bbox 829 2629 922 2667; x_wconf 90' lang='lat' dir='ltr'><strong>me</strong></span> <span class='ocrx_word' id='word_1_245' title='bbox 964 2610 1073 2666; x_wconf 92' lang='lat' dir='ltr'><strong>hoc</strong></span> <span class='ocrx_word' id='word_1_246' title='bbox 1113 2608 1480 2665; x_wconf 88' lang='lat' dir='ltr'><strong>meminisse:</strong></span> <span class='ocrx_word' id='word_1_247' title='bbox 1523 2626 1686 2682; x_wconf 88' lang='lat' dir='ltr'><strong>spero</strong></span> <span class='ocrx_word' id='word_1_248' title='bbox 1712 2606 1885 2663; x_wconf 85' lang='lat' dir='ltr'><strong>etiam</strong></span> <span class='ocrx_word' id='word_1_249' title='bbox 1912 2614 1989 2676; x_wconf 89' lang='lat' dir='ltr'><strong>te,</strong></span> <span class='ocrx_word' id='word_1_250' title='bbox 2023 2604 2147 2683; x_wconf 89' lang='lat' dir='ltr'><strong>(qui</strong></span> <span class='ocrx_word' id='word_1_251' title='bbox 2173 2605 2433 2663; x_wconf 88' lang='lat' dir='ltr'><strong>oblivisci</strong></span> 
     </span>
     <span class='ocr_line' id='line_1_30' title="bbox 469 2684 2434 2762; baseline -0.004 -14"><span class='ocrx_word' id='word_1_252' title='bbox 469 2689 611 2748; x_wconf 90' lang='lat' dir='ltr'><strong>nihil</strong></span> <span class='ocrx_word' id='word_1_253' title='bbox 667 2688 834 2759; x_wconf 90' lang='lat' dir='ltr'><strong>soles,</strong></span> <span class='ocrx_word' id='word_1_254' title='bbox 875 2687 986 2744; x_wconf 90' lang='lat' dir='ltr'><strong>nisi</strong></span> <span class='ocrx_word' id='word_1_255' title='bbox 1041 2686 1299 2762; x_wconf 83' lang='lat' dir='ltr'><strong>injurias,</strong></span> <span class='ocrx_word' id='word_1_256' title='bbox 1339 2686 1611 2760; x_wconf 81' lang='lat' dir='ltr'><strong>quoniam</strong></span> <span class='ocrx_word' id='word_1_257' title='bbox 1652 2685 1760 2742; x_wconf 92' lang='lat' dir='ltr'><strong>hoc</strong></span> <span class='ocrx_word' id='word_1_258' title='bbox 1802 2694 1887 2741; x_wconf 90' lang='lat' dir='ltr'><strong>est</strong></span> <span class='ocrx_word' id='word_1_259' title='bbox 1929 2684 2125 2755; x_wconf 85' lang='lat' dir='ltr'><strong>animi,</strong></span> <span class='ocrx_word' id='word_1_260' title='bbox 2165 2685 2434 2760; x_wconf 89' lang='lat' dir='ltr'><strong>quoniam</strong></span> 
     </span>
     <span class='ocr_line' id='line_1_31' title="bbox 365 2762 2437 2844; baseline -0.003 -16"><span class='ocrx_word' id='word_1_261' title='bbox 365 2776 437 2829; x_wconf 83' lang='lat'><strong>30</strong></span> <span class='ocrx_word' id='word_1_262' title='bbox 470 2768 644 2826; x_wconf 87' lang='lat' dir='ltr'><strong>etiam</strong></span> <span class='ocrx_word' id='word_1_263' title='bbox 685 2766 905 2843; x_wconf 85' lang='lat' dir='ltr'><strong>ingenii</strong></span> <span class='ocrx_word' id='word_1_264' title='bbox 945 2765 1057 2844; x_wconf 86' lang='lat' dir='ltr'><strong>tui)</strong></span> <span class='ocrx_word' id='word_1_265' title='bbox 1087 2774 1165 2835; x_wconf 90' lang='lat' dir='ltr'><strong>te,</strong></span> <span class='ocrx_word' id='word_1_266' title='bbox 1197 2764 1413 2839; x_wconf 88' lang='lat' dir='ltr'><strong>aliquid</strong></span> <span class='ocrx_word' id='word_1_267' title='bbox 1453 2764 1525 2821; x_wconf 90' lang='lat' dir='ltr'><strong>de</strong></span> <span class='ocrx_word' id='word_1_268' title='bbox 1566 2763 1735 2839; x_wconf 88' lang='lat' dir='ltr'><strong>hujus</strong></span> <span class='ocrx_word' id='word_1_269' title='bbox 1774 2763 1871 2821; x_wconf 89' lang='lat' dir='ltr'><strong>illo</strong></span> <span class='ocrx_word' id='word_1_270' title='bbox 1908 2763 2209 2839; x_wconf 81' lang='lat' dir='ltr'><strong>quaestorio</strong></span> <span class='ocrx_word' id='word_1_271' title='bbox 2245 2762 2437 2837; x_wconf 84' lang='lat' dir='ltr'><strong>officio</strong></span> 
     </span>
     <span class='ocr_line' id='line_1_32' title="bbox 471 2842 2437 2921; baseline -0.002 -19"><span class='ocrx_word' id='word_1_272' title='bbox 471 2845 839 2921; x_wconf 80' lang='lat' dir='ltr'><strong>cogitantem,</strong></span> <span class='ocrx_word' id='word_1_273' title='bbox 887 2844 1062 2900; x_wconf 86' lang='lat' dir='ltr'><strong>etiam</strong></span> <span class='ocrx_word' id='word_1_274' title='bbox 1108 2843 1180 2900; x_wconf 90' lang='lat' dir='ltr'><strong>de</strong></span> <span class='ocrx_word' id='word_1_275' title='bbox 1229 2842 1357 2900; x_wconf 88' lang='lat' dir='ltr'><strong>aliis</strong></span> <span class='ocrx_word' id='word_1_276' title='bbox 1394 2842 1734 2915; x_wconf 85' lang='lat' dir='ltr'><strong>quibusdam</strong></span> <span class='ocrx_word' id='word_1_277' title='bbox 1768 2842 2141 2918; x_wconf 67' lang='lat' dir='ltr'><strong>quaestoribus</strong></span> <span class='ocrx_word' id='word_1_278' title='bbox 2180 2842 2437 2899; x_wconf 88' lang='lat' dir='ltr'><strong>reminis·</strong></span> 
     </span>
     <span class='ocr_line' id='line_1_33' title="bbox 473 2920 2434 2997; baseline -0.002 -17"><span class='ocrx_word' id='word_1_279' title='bbox 473 2933 718 2995; x_wconf 90' lang='lat' dir='ltr'><strong>centem,</strong></span> <span class='ocrx_word' id='word_1_280' title='bbox 760 2921 1065 2980; x_wconf 89' lang='lat' dir='ltr'><strong>recordari.</strong></span> <span class='ocrx_word' id='word_1_281' title='bbox 1149 2920 1268 2978; x_wconf 91' lang='lat' dir='ltr'><strong>Hic</strong></span> <span class='ocrx_word' id='word_1_282' title='bbox 1315 2920 1490 2997; x_wconf 87' lang='lat' dir='ltr'><strong>igitur</strong></span> <span class='ocrx_word' id='word_1_283' title='bbox 1544 2920 1619 2977; x_wconf 90' lang='lat' dir='ltr'><strong>T.</strong></span> <span class='ocrx_word' id='word_1_284' title='bbox 1663 2920 1949 2997; x_wconf 84' lang='lat' dir='ltr'><strong>Ligarius,</strong></span> <span class='ocrx_word' id='word_1_285' title='bbox 1972 2920 2092 2995; x_wconf 87' lang='lat' dir='ltr'><strong>-qui</strong></span> <span class='ocrx_word' id='word_1_286' title='bbox 2130 2929 2251 2976; x_wconf 92' lang='lat' dir='ltr'><strong>tum</strong></span> <span class='ocrx_word' id='word_1_287' title='bbox 2291 2920 2434 2978; x_wconf 86' lang='lat' dir='ltr'><strong>nihil</strong></span> 
     </span>
     <span class='ocr_line' id='line_1_34' title="bbox 473 2998 2437 3079; baseline -0.002 -20"><span class='ocrx_word' id='word_1_288' title='bbox 473 3002 591 3079; x_wconf 88' lang='lat' dir='ltr'><strong>egit</strong></span> <span class='ocrx_word' id='word_1_289' title='bbox 618 3000 773 3058; x_wconf 88' lang='lat' dir='ltr'><strong>aliud</strong></span> <span class='ocrx_word' id='word_1_290' title='bbox 804 2999 1017 3078; x_wconf 88' lang='lat' dir='ltr'><strong>(neque</strong></span> <span class='ocrx_word' id='word_1_291' title='bbox 1045 2999 1200 3057; x_wconf 90' lang='lat' dir='ltr'><strong>enim</strong></span> <span class='ocrx_word' id='word_1_292' title='bbox 1227 3000 1353 3057; x_wconf 64' lang='lat' dir='ltr'><strong>haec</strong></span> <span class='ocrx_word' id='word_1_293' title='bbox 1381 2998 1700 3078; x_wconf 84' lang='lat' dir='ltr'><strong>divinabat)</strong></span> <span class='ocrx_word' id='word_1_294' title='bbox 1731 2999 1842 3056; x_wconf 91' lang='lat' dir='ltr'><strong>nisi</strong></span> <span class='ocrx_word' id='word_1_295' title='bbox 1883 3009 1949 3056; x_wconf 92' lang='lat' dir='ltr'><strong>ut</strong></span> <span class='ocrx_word' id='word_1_296' title='bbox 1986 3008 2049 3056; x_wconf 88' lang='lat' dir='ltr'><strong>tu</strong></span> <span class='ocrx_word' id='word_1_297' title='bbox 2091 3017 2223 3057; x_wconf 91' lang='lat' dir='ltr'><strong>eum</strong></span> <span class='ocrx_word' id='word_1_298' title='bbox 2264 2998 2437 3055; x_wconf 88' lang='lat' dir='ltr'><strong>studi-</strong></span> 
     </span>
     <span class='ocr_line' id='line_1_35' title="bbox 472 3077 2439 3154; baseline -0.002 -17"><span class='ocrx_word' id='word_1_299' title='bbox 472 3099 634 3139; x_wconf 90' lang='lat' dir='ltr'><strong>osum</strong></span> <span class='ocrx_word' id='word_1_300' title='bbox 675 3080 758 3137; x_wconf 91' lang='lat' dir='ltr'><strong>tui</strong></span> <span class='ocrx_word' id='word_1_301' title='bbox 798 3088 857 3137; x_wconf 88' lang='lat' dir='ltr'><strong>et</strong></span> <span class='ocrx_word' id='word_1_302' title='bbox 896 3080 1108 3137; x_wconf 88' lang='lat' dir='ltr'><strong>bonum</strong></span> <span class='ocrx_word' id='word_1_303' title='bbox 1152 3078 1334 3135; x_wconf 89' lang='lat' dir='ltr'><strong>virum</strong></span> <span class='ocrx_word' id='word_1_304' title='bbox 1371 3078 1680 3154; x_wconf 90' lang='lat' dir='ltr'><strong>judicares,</strong></span> <span class='ocrx_word' id='word_1_305' title='bbox 1709 3096 1867 3135; x_wconf 87' lang='lat' dir='ltr'><strong>nunc</strong></span> <span class='ocrx_word' id='word_1_306' title='bbox 1910 3096 1943 3134; x_wconf 79' lang='lat' dir='ltr'><strong>a</strong></span> <span class='ocrx_word' id='word_1_307' title='bbox 1976 3087 2035 3135; x_wconf 88' lang='lat' dir='ltr'><strong>te</strong></span> <span class='ocrx_word' id='word_1_308' title='bbox 2071 3077 2305 3153; x_wconf 83' lang='lat' dir='ltr'><strong>supplex</strong></span> <span class='ocrx_word' id='word_1_309' title='bbox 2333 3077 2439 3134; x_wconf 86' lang='lat' dir='ltr'><strong>fra-</strong></span> 
     </span>
     <span class='ocr_line' id='line_1_36' title="bbox 369 3152 2437 3236; baseline -0.003 -19"><span class='ocrx_word' id='word_1_310' title='bbox 369 3172 440 3227; x_wconf 86' lang='lat'><strong>35</strong></span> <span class='ocrx_word' id='word_1_311' title='bbox 474 3159 576 3217; x_wconf 88' lang='lat' dir='ltr'><strong>tris</strong></span> <span class='ocrx_word' id='word_1_312' title='bbox 635 3159 877 3217; x_wconf 83' lang='lat' dir='ltr'><strong>salutem</strong></span> <span class='ocrx_word' id='word_1_313' title='bbox 935 3158 1092 3236; x_wconf 84' lang='lat' dir='ltr'><strong>petit.</strong></span> <span class='ocrx_word' id='word_1_314' title='bbox 1173 3157 1394 3227; x_wconf 83' lang='lat' dir='ltr'><strong>Quam,</strong></span> <span class='ocrx_word' id='word_1_315' title='bbox 1437 3156 1606 3232; x_wconf 86' lang='lat' dir='ltr'><strong>hujus</strong></span> <span class='ocrx_word' id='word_1_316' title='bbox 1666 3156 1989 3214; x_wconf 87' lang='lat' dir='ltr'><strong>admonitus</strong></span> <span class='ocrx_word' id='word_1_317' title='bbox 2046 3156 2257 3226; x_wconf 89' lang='lat' dir='ltr'><strong>officio,</strong></span> <span class='ocrx_word' id='word_1_318' title='bbox 2302 3152 2437 3213; x_wconf 74' lang='lat' dir='ltr'><strong>curn</strong></span> 
     </span>
     <span class='ocr_line' id='line_1_37' title="bbox 475 3234 2438 3314; baseline -0.003 -18"><span class='ocrx_word' id='word_1_319' title='bbox 475 3239 730 3314; x_wconf 90' lang='lat' dir='ltr'><strong>utrisque</strong></span> <span class='ocrx_word' id='word_1_320' title='bbox 783 3237 874 3295; x_wconf 89' lang='lat' dir='ltr'><strong>his</strong></span> <span class='ocrx_word' id='word_1_321' title='bbox 926 3235 1171 3307; x_wconf 76' lang='lat' dir='ltr'><strong>dederiS,</strong></span> <span class='ocrx_word' id='word_1_322' title='bbox 1212 3246 1328 3293; x_wconf 88' lang='lat' dir='ltr'><strong>tres</strong></span> <span class='ocrx_word' id='word_1_323' title='bbox 1382 3235 1583 3292; x_wconf 83' lang='lat' dir='ltr'><strong>fratres</strong></span> <span class='ocrx_word' id='word_1_324' title='bbox 1634 3234 1874 3311; x_wconf 87' lang='lat' dir='ltr'><strong>optimos</strong></span> <span class='ocrx_word' id='word_1_325' title='bbox 1927 3245 1985 3292; x_wconf 84' lang='lat' dir='ltr'><strong>et</strong></span> <span class='ocrx_word' id='word_1_326' title='bbox 2026 3234 2438 3311; x_wconf 78' lang='lat' dir='ltr'><strong>integerrimOS,</strong></span> 
     </span>
     <span class='ocr_line' id='line_1_38' title="bbox 475 3312 2440 3393; baseline -0.004 -16"><span class='ocrx_word' id='word_1_327' title='bbox 475 3338 590 3377; x_wconf 90' lang='lat' dir='ltr'><strong>non</strong></span> <span class='ocrx_word' id='word_1_328' title='bbox 631 3316 814 3376; x_wconf 70' lang='lat' dir='ltr'><strong>solum</strong></span> <span class='ocrx_word' id='word_1_329' title='bbox 855 3316 964 3373; x_wconf 88' lang='lat' dir='ltr'><strong>sibi</strong></span> <span class='ocrx_word' id='word_1_330' title='bbox 1007 3316 1174 3393; x_wconf 77' lang='lat' dir='ltr'><strong>ips05,</strong></span> <span class='ocrx_word' id='word_1_331' title='bbox 1215 3334 1403 3390; x_wconf 89' lang='lat' dir='ltr'><strong>neque</strong></span> <span class='ocrx_word' id='word_1_332' title='bbox 1447 3314 1537 3371; x_wconf 90' lang='lat' dir='ltr'><strong>his</strong></span> <span class='ocrx_word' id='word_1_333' title='bbox 1576 3324 1659 3372; x_wconf 86' lang='lat' dir='ltr'><strong>tot</strong></span> <span class='ocrx_word' id='word_1_334' title='bbox 1700 3333 1768 3371; x_wconf 84' lang='lat' dir='ltr'><strong>ac</strong></span> <span class='ocrx_word' id='word_1_335' title='bbox 1808 3314 2019 3371; x_wconf 89' lang='lat' dir='ltr'><strong>talibus</strong></span> <span class='ocrx_word' id='word_1_336' title='bbox 2058 3312 2213 3383; x_wconf 79' lang='lat' dir='ltr'><strong>viriS,</strong></span> <span class='ocrx_word' id='word_1_337' title='bbox 2254 3331 2440 3389; x_wconf 86' lang='lat' dir='ltr'><strong>neque</strong></span> 
     </span>
     <span class='ocr_line' id='line_1_39' title="bbox 474 3392 2336 3469; baseline -0.004 -13"><span class='ocrx_word' id='word_1_338' title='bbox 474 3398 640 3456; x_wconf 91' lang='lat' dir='ltr'><strong>nobis</strong></span> <span class='ocrx_word' id='word_1_339' title='bbox 667 3396 1008 3454; x_wconf 88' lang='lat' dir='ltr'><strong>necessariis</strong></span> <span class='ocrx_word' id='word_1_340' title='bbox 1035 3395 1172 3465; x_wconf 78' lang='lat' dir='ltr'><strong>suiS,</strong></span> <span class='ocrx_word' id='word_1_341' title='bbox 1201 3394 1301 3451; x_wconf 90' lang='lat' dir='ltr'><strong>sed</strong></span> <span class='ocrx_word' id='word_1_342' title='bbox 1330 3392 1503 3451; x_wconf 84' lang='lat' dir='ltr'><strong>etiam</strong></span> <span class='ocrx_word' id='word_1_343' title='bbox 1531 3392 1880 3469; x_wconf 85' lang='lat' dir='ltr'><strong>reipublicae,</strong></span> <span class='ocrx_word' id='word_1_344' title='bbox 1911 3392 2336 3450; x_wconf 81' lang='lat' dir='ltr'><strong>condonaveriS.</strong></span> 
     </span>
     <span class='ocr_line' id='line_1_40' title="bbox 555 3468 2440 3552; baseline -0.004 -19"><span class='ocrx_word' id='word_1_345' title='bbox 555 3476 679 3533; x_wconf 86' lang='lat' dir='ltr'><strong>Fac</strong></span> <span class='ocrx_word' id='word_1_346' title='bbox 719 3475 911 3552; x_wconf 87' lang='lat' dir='ltr'><strong>igitur,</strong></span> <span class='ocrx_word' id='word_1_347' title='bbox 941 3474 1090 3550; x_wconf 90' lang='lat' dir='ltr'><strong>quod</strong></span> <span class='ocrx_word' id='word_1_348' title='bbox 1131 3474 1204 3531; x_wconf 94' lang='lat' dir='ltr'><strong>de</strong></span> <span class='ocrx_word' id='word_1_349' title='bbox 1245 3472 1475 3545; x_wconf 73' lang='lat' dir='ltr'><strong>homine</strong></span> <span class='ocrx_word' id='word_1_350' title='bbox 1515 3471 1868 3529; x_wconf 89' lang='lat' dir='ltr'><strong>nobilissimo</strong></span> <span class='ocrx_word' id='word_1_351' title='bbox 1906 3480 1965 3528; x_wconf 91' lang='lat' dir='ltr'><strong>et</strong></span> <span class='ocrx_word' id='word_1_352' title='bbox 2005 3468 2322 3528; x_wconf 88' lang='lat' dir='ltr'><strong>clarissimo</strong></span> <span class='ocrx_word' id='word_1_353' title='bbox 2359 3468 2440 3526; x_wconf 90' lang='lat' dir='ltr'><strong>M.</strong></span> 
     </span>
     <span class='ocr_line' id='line_1_41' title="bbox 375 3548 2443 3629; baseline -0.003 -19"><span class='ocrx_word' id='word_1_354' title='bbox 375 3565 444 3619; x_wconf 72' lang='lat'><strong>40</strong></span> <span class='ocrx_word' id='word_1_355' title='bbox 479 3552 758 3611; x_wconf 86' lang='lat' dir='ltr'><strong>Marcello</strong></span> <span class='ocrx_word' id='word_1_356' title='bbox 785 3552 970 3611; x_wconf 84' lang='lat' dir='ltr'><strong>fecisti</strong></span> <span class='ocrx_word' id='word_1_357' title='bbox 1012 3570 1192 3629; x_wconf 90' lang='lat' dir='ltr'><strong>nuper</strong></span> <span class='ocrx_word' id='word_1_358' title='bbox 1233 3552 1293 3608; x_wconf 89' lang='lat' dir='ltr'><strong>in</strong></span> <span class='ocrx_word' id='word_1_359' title='bbox 1334 3550 1517 3621; x_wconf 63' lang='lat' dir='ltr'><strong>curia,</strong></span> <span class='ocrx_word' id='word_1_360' title='bbox 1546 3567 1704 3608; x_wconf 92' lang='lat' dir='ltr'><strong>nunc</strong></span> <span class='ocrx_word' id='word_1_361' title='bbox 1744 3550 1896 3607; x_wconf 90' lang='lat' dir='ltr'><strong>idem</strong></span> <span class='ocrx_word' id='word_1_362' title='bbox 1938 3550 1998 3607; x_wconf 89' lang='lat' dir='ltr'><strong>in</strong></span> <span class='ocrx_word' id='word_1_363' title='bbox 2040 3549 2159 3606; x_wconf 88' lang='lat' dir='ltr'><strong>soro</strong></span> <span class='ocrx_word' id='word_1_364' title='bbox 2200 3549 2271 3605; x_wconf 92' lang='lat' dir='ltr'><strong>de</strong></span> <span class='ocrx_word' id='word_1_365' title='bbox 2306 3548 2443 3624; x_wconf 87' lang='lat' dir='ltr'><strong>opti·</strong></span> 
     </span>
     <span class='ocr_line' id='line_1_42' title="bbox 478 3626 2447 3704; baseline -0.003 -16"><span class='ocrx_word' id='word_1_366' title='bbox 478 3632 588 3688; x_wconf 91' lang='lat' dir='ltr'><strong>mis</strong></span> <span class='ocrx_word' id='word_1_367' title='bbox 627 3639 686 3687; x_wconf 85' lang='lat' dir='ltr'><strong>et</strong></span> <span class='ocrx_word' id='word_1_368' title='bbox 739 3631 875 3688; x_wconf 92' lang='lat' dir='ltr'><strong>huic</strong></span> <span class='ocrx_word' id='word_1_369' title='bbox 926 3631 1082 3688; x_wconf 88' lang='lat' dir='ltr'><strong>omni</strong></span> <span class='ocrx_word' id='word_1_370' title='bbox 1143 3630 1474 3704; x_wconf 72' lang='lat' dir='ltr'><strong>frequentiae</strong></span> <span class='ocrx_word' id='word_1_371' title='bbox 1530 3628 1945 3704; x_wconf 84' lang='lat' dir='ltr'><strong>probatissimis</strong></span> <span class='ocrx_word' id='word_1_372' title='bbox 2000 3626 2287 3684; x_wconf 84' lang='lat' dir='ltr'><strong>fratribus.</strong></span> <span class='ocrx_word' id='word_1_373' title='bbox 2370 3626 2447 3683; x_wconf 86' lang='lat' dir='ltr'><strong>Ut</strong></span> 
     </span>
     <span class='ocr_line' id='line_1_43' title="bbox 481 3704 2449 3783; baseline -0.002 -16"><span class='ocrx_word' id='word_1_374' title='bbox 481 3706 815 3767; x_wconf 84' lang='lat' dir='ltr'><strong>concessisti</strong></span> <span class='ocrx_word' id='word_1_375' title='bbox 854 3708 1014 3765; x_wconf 85' lang='lat' dir='ltr'><strong>illurn</strong></span> <span class='ocrx_word' id='word_1_376' title='bbox 1056 3707 1300 3778; x_wconf 84' lang='lat' dir='ltr'><strong>senatui,</strong></span> <span class='ocrx_word' id='word_1_377' title='bbox 1341 3707 1429 3765; x_wconf 92' lang='lat' dir='ltr'><strong>sic</strong></span> <span class='ocrx_word' id='word_1_378' title='bbox 1469 3707 1543 3763; x_wconf 88' lang='lat' dir='ltr'><strong>da</strong></span> <span class='ocrx_word' id='word_1_379' title='bbox 1589 3707 1746 3765; x_wconf 88' lang='lat' dir='ltr'><strong>hunc</strong></span> <span class='ocrx_word' id='word_1_380' title='bbox 1783 3706 2007 3783; x_wconf 90' lang='lat' dir='ltr'><strong>populo,</strong></span> <span class='ocrx_word' id='word_1_381' title='bbox 2050 3704 2215 3780; x_wconf 89' lang='lat' dir='ltr'><strong>cujus</strong></span> <span class='ocrx_word' id='word_1_382' title='bbox 2254 3706 2449 3763; x_wconf 87' lang='lat' dir='ltr'><strong>volun-</strong></span> 
     </span>
     <span class='ocr_line' id='line_1_44' title="bbox 481 3783 2449 3862; baseline -0.003 -17"><span class='ocrx_word' id='word_1_383' title='bbox 481 3798 657 3845; x_wconf 91' lang='lat' dir='ltr'><strong>tatem</strong></span> <span class='ocrx_word' id='word_1_384' title='bbox 698 3786 1053 3844; x_wconf 81' lang='lat' dir='ltr'><strong>carissimam</strong></span> <span class='ocrx_word' id='word_1_385' title='bbox 1094 3805 1316 3862; x_wconf 89' lang='lat' dir='ltr'><strong>semper</strong></span> <span class='ocrx_word' id='word_1_386' title='bbox 1357 3784 1608 3844; x_wconf 85' lang='lat' dir='ltr'><strong>habuisti</strong></span> <span class='ocrx_word' id='word_1_387' title='bbox 1633 3805 1646 3842; x_wconf 90' lang='lat'><strong>:</strong></span> <span class='ocrx_word' id='word_1_388' title='bbox 1689 3795 1766 3857; x_wconf 90' lang='lat' dir='ltr'><strong>et,</strong></span> <span class='ocrx_word' id='word_1_389' title='bbox 1795 3784 1842 3842; x_wconf 91' lang='lat' dir='ltr'><strong>si</strong></span> <span class='ocrx_word' id='word_1_390' title='bbox 1873 3784 1969 3843; x_wconf 90' lang='lat' dir='ltr'><strong>ille</strong></span> <span class='ocrx_word' id='word_1_391' title='bbox 1998 3784 2121 3851; x_wconf 76' lang='lat' dir='ltr'><strong>dies</strong></span> <span class='ocrx_word' id='word_1_392' title='bbox 2148 3783 2252 3840; x_wconf 88' lang='lat' dir='ltr'><strong>tibi</strong></span> <span class='ocrx_word' id='word_1_393' title='bbox 2280 3784 2449 3860; x_wconf 84' lang='lat' dir='ltr'><strong>glori-</strong></span> 
     </span>
     <span class='ocr_line' id='line_1_45' title="bbox 480 3862 2446 3942; baseline -0.003 -17"><span class='ocrx_word' id='word_1_394' title='bbox 480 3864 793 3938; x_wconf 88' lang='lat' dir='ltr'><strong>osissimus,</strong></span> <span class='ocrx_word' id='word_1_395' title='bbox 832 3865 1040 3942; x_wconf 90' lang='lat' dir='ltr'><strong>populo</strong></span> <span class='ocrx_word' id='word_1_396' title='bbox 1089 3865 1361 3922; x_wconf 85' lang='lat' dir='ltr'><strong>Romano</strong></span> <span class='ocrx_word' id='word_1_397' title='bbox 1410 3863 1771 3941; x_wconf 86' lang='lat' dir='ltr'><strong>gratissimus</strong></span> <span class='ocrx_word' id='word_1_398' title='bbox 1810 3862 1953 3931; x_wconf 67' lang='lat' dir='ltr'><strong>fuit:</strong></span> <span class='ocrx_word' id='word_1_399' title='bbox 2010 3862 2148 3934; x_wconf 89' lang='lat' dir='ltr'><strong>noli,</strong></span> <span class='ocrx_word' id='word_1_400' title='bbox 2187 3862 2446 3928; x_wconf 78' lang='lat' dir='ltr'><strong>obsec10‚</strong></span> 
     </span>
    </p>
   </div>
  </div>
 </body>
</html>
