2698 4492
349 274 432 334 38
869 269 1143 321 ORATIO
1189 270 1280 320 IV.
1325 270 1399 319 IN
1448 269 1508 319 1..
1556 269 1983 320 CATILINAM.

455 415 551 473 die
591 413 856 472 maximis
892 413 1141 490 praemiis
1182 412 1390 470 affecit.
1471 411 1509 469 J
1513 431 1605 471 am
1646 414 1757 472 hoc
1794 413 2015 472 nemini
2052 413 2293 472 dubium
2318 425 2426 487 est,

456 494 554 568 qui
595 513 694 550 reo
725 492 1067 563 custodiam,
1095 491 1381 566 quaesitori
1421 492 1881 568 gratulationem,
1911 493 2091 550 indici
2128 495 2427 569 praemium

456 572 730 642 decrevit,
773 571 909 646 quid
963 570 1036 628 de
1088 571 1208 628 tota
1254 589 1317 626 re
1358 579 1417 628 et
1456 571 1634 628 causa
1682 570 1973 645 judicarit.
2056 571 2140 628 At
2179 571 2313 630 vero
2355 573 2425 630 C.

457 650 655 708 Caesar
683 649 970 726 intelligit,
999 649 1187 726 legem
1217 649 1614 724 Semproniam
1642 669 1767 706 esse
1794 649 1868 706 de
1896 650 2119 707 civibus
2146 651 2429 708 Romanis

387 727 424 780 5
459 729 862 797 constitutam3
905 727 1003 802 qui
1033 738 1224 786 autem
1251 727 1581 803 reipublicae
1609 727 1683 785 sit
1710 728 1906 799 hostis,
1927 747 2061 786 eum
2090 729 2274 786 civem
2302 749 2429 787 esse

456 808 616 866 nullo
654 808 822 865 modo
859 825 1056 882 posse;
1100 805 1346 880 denique
1388 805 1573 882 ipsum
1612 805 1849 863 latorem
1876 806 2021 883 legis
2056 807 2428 883 Semproniae,

459 886 678 962 injussu
717 885 928 962 populi,
968 904 1166 961 poenas
1212 884 1543 960 reipublicae
1598 884 1955 961 dependisse.
2037 883 2203 942 Idem
2246 886 2429 961 ipsum

463 964 792 1033 Lentulum,
821 963 1148 1041 largitorem
1188 973 1248 1020 et
1281 963 1603 1051 prodigum,
1632 982 1745 1020 non
1770 972 1953 1038 putat,
1982 961 2119 1020 cum
2145 963 2218 1020 de
2243 965 2431 1040 perni-

459 1042 552 1100 cie
577 1043 768 1119 populi
807 1042 1084 1113 Romani,
1112 1052 1171 1099 et
1207 1041 1383 1099 exitio
1409 1041 1579 1116 hujus
1606 1041 1783 1111 urbis,
1811 1051 1930 1098 tam
1960 1039 2169 1098 acerbe
2198 1052 2431 1115 tamque

357 1123 425 1176 10
461 1122 770 1180 crudeliter
798 1121 1085 1198 cogitarit,
1116 1119 1386 1196 appellari
1413 1138 1576 1194 posse
1603 1120 1947 1196 popularem.
2030 1118 2235 1193 Itaque
2264 1121 2433 1178 homo

459 1199 796 1257 mitissimus
825 1211 994 1274 atque
1021 1198 1351 1257 lenissimus
1377 1217 1492 1254 non
1520 1197 1744 1254 dubitat
1771 1198 1834 1254 P.
1866 1197 2178 1255 Lentulum
2206 1197 2433 1256 aeternis

459 1278 715 1336 tenebris
742 1277 1099 1350 vinculisque
1126 1276 1435 1333 mandare.
1477 1285 1537 1332 et
1563 1275 1750 1333 sancit
1778 1276 1834 1334 in
1863 1287 2169 1352 posterum,
2188 1296 2261 1333 ne
2283 1276 2431 1350 quis,

463 1355 634 1430 hujus
674 1355 953 1432 supplicio
990 1349 1251 1425 levand0,
1293 1373 1363 1411 se
1402 1353 1644 1430 jactare,
1686 1364 1745 1412 et
1784 1355 1844 1411 in
1890 1354 2197 1443 [pernicie]
2240 1355 2431 1430 populi

462 1434 718 1491 Romani
742 1434 981 1510 posthac
1005 1433 1292 1509 popularis
1318 1451 1464 1503 esse,
1480 1432 1671 1508 possit.
1741 1432 2026 1510 Adjungit
2052 1432 2225 1490 etiam
2253 1433 2435 1508 publi-

360 1517 428 1570 15
463 1511 750 1571 cntionem
769 1513 1065 1582 bonorum,
1083 1521 1147 1568 ut
1171 1530 1372 1569 omnes
1395 1511 1571 1568 animi
1589 1512 1881 1569 cruciatus
1907 1524 1965 1570 et
1992 1511 2241 1588 corporis
2258 1511 2435 1569 etiam

463 1600 690 1668 egestas
718 1609 788 1647 ac
815 1557 1159 1647 mendicitas
1186 1599 1584 1664 consequatur.
2444 1586 2461 1600 ‘

543 1668 650 1728 VI.
710 1669 1128 1740 Quamobrem,
1147 1668 1265 1726 sive
1293 1669 1405 1725 hoc
1432 1669 1762 1740 statueritiS,
1793 1668 2064 1726 dederitis
2090 1667 2231 1726 mihi
2261 1667 2433 1726 comi-

461 1760 580 1807 tem
623 1748 696 1806 ad
737 1747 1094 1818 concionem,
1121 1748 1328 1824 populo
1368 1765 1567 1804 carum
1610 1757 1779 1823 atque
1801 1749 2156 1824 jucundum:
2200 1747 2317 1804 sive
2346 1747 2436 1803 Si-

463 1827 582 1886 lani
610 1827 953 1886 sententiam
981 1825 1142 1901 sequi
1170 1825 1506 1897 malueritis,
1530 1825 1700 1884 facile
1730 1845 1823 1884 me
1852 1837 2021 1900 atque
2048 1845 2146 1883 vos
2174 1844 2209 1882 a
2235 1826 2436 1883 crude-

357 1916 430 1970 20
463 1905 641 1964 litatis
679 1905 1092 1981 vituperatione
1133 1904 1485 1974 defendetis;
1545 1915 1715 1979 atque
1753 1905 2042 1975 obtineb0,
2084 1923 2213 1962 eam
2252 1902 2433 1961 multo

463 1983 734 2042 leviorem
775 1983 966 2042 fuisse.
1047 1984 1425 2057 Quanquam,
1460 1983 1661 2040 Patres
1701 1983 2047 2059 Conscripti‚
2089 2001 2215 2057 quoe
2253 1992 2437 2058 potest

465 2081 592 2120 esse
621 2062 680 2119 in
707 2061 853 2119 tanti
889 2061 1124 2119 sceleris
1163 2060 1520 2118 immanitate
1559 2061 1851 2138 punienda
1892 2062 2241 2123 crudelitas?
2308 2061 2438 2138 Ego

466 2141 622 2198 enim
663 2141 735 2198 de
775 2160 904 2198 meo
944 2158 1114 2197 sensu
1150 2139 1366 2214 judico.
1448 2139 1625 2210 Nam,
1655 2139 1736 2197 ita
1760 2140 1903 2197 mihi
1944 2140 2100 2197 salva
2140 2139 2437 2216 republica

465 2219 761 2279 vobiscum
779 2218 994 2295 perfrui
1021 2217 1214 2289 liceat,
1233 2228 1297 2277 ut
1325 2237 1451 2295 ego,
1472 2217 1626 2294 quod
1643 2218 1701 2276 in
1724 2220 1835 2277 hac
1854 2219 2031 2277 causa
2048 2218 2437 2277 vehementior

359 2306 432 2359 25
465 2317 612 2371 sum,
641 2320 756 2357 non
787 2298 1084 2357 atrocitate
1114 2298 1290 2355 animi
1317 2317 1563 2369 moveor,
1585 2298 1741 2375 (quis
1760 2298 1917 2356 enim
1944 2307 2030 2355 est
2056 2318 2149 2355 me
2177 2298 2363 2356 mitior
2380 2300 2433 2376 2)

466 2380 568 2437 sed
609 2378 886 2455 singulari
926 2377 1178 2454 quadam
1230 2377 1588 2435 humanitate
1628 2388 1687 2435 et
1725 2377 2137 2435 misericordia.
2219 2377 2437 2434 Videor

466 2457 622 2516 enim
663 2457 804 2514 mihi
845 2459 998 2515 hanc
1038 2456 1238 2514 urbem
1280 2456 1494 2527 videre,
1524 2456 1716 2513 lucem
1756 2456 1911 2513 orbis
1949 2465 2229 2514 terrarum
2268 2466 2439 2529 atque

467 2555 661 2595 arcem
700 2536 957 2595 omnium
997 2535 1277 2612 gentiu'm,
1305 2533 1496 2592 subito
1538 2554 1655 2593 uno
1693 2534 1965 2592 incendio
1999 2534 2434 2592 concidentem:

467 2634 643 2673 cerno
699 2614 910 2684 animo,
958 2613 1180 2690 sepulta
1236 2612 1297 2670 in
1351 2613 1556 2689 patria,
1611 2612 1847 2671 miseros
1905 2623 2074 2687 atque
2130 2612 2440 2688 insepultos

361 2698 432 2751 30
469 2711 702 2750 acervos
744 2692 990 2749 civium:
1033 2701 1289 2749 versatur
1316 2690 1459 2747 mihi
1490 2700 1621 2748 ante
1648 2692 1844 2749 oculos
1874 2702 2136 2768 aspectus
2172 2692 2438 2768 Cethegi,

467 2776 526 2828 et
554 2771 726 2841 furor,
749 2770 809 2827 in
837 2769 1024 2826 vestra
1047 2770 1204 2826 caede
1233 2768 1589 2826 bacchantis.
1666 2768 1819 2830 Cum
1847 2769 1981 2828 vero
2011 2770 2153 2827 mihi
2179 2771 2440 2846 proposui

467 2858 804 2925 regnantem
846 2847 1158 2905 Lentulum
1189 2845 1368 2925 (sicut
1409 2847 1528 2923 ipse
1569 2867 1630 2905 se
1671 2868 1743 2905 ex
1778 2849 1909 2906 fatis
1936 2848 2193 2926 sperasse
2220 2848 2443 2905 confes-

469 2946 566 2984 sus
619 2927 755 3006 est),
794 2935 1168 3002 purpuratum
1223 2945 1352 2983 esse
1406 2926 1563 2983 hunc
1617 2927 1952 2999 Gabinium,
1995 2946 2130 2985 cum
2184 2927 2443 2985 exercitu

470 3004 696 3062 venisse
737 3004 1084 3063 Catilinam·
1069 3048 1084 3074 ,
1126 3014 1251 3061 tum
1275 3004 1745 3075 lamentationem
1774 3006 2289 3076 matrumfamiliaS,
2318 3016 2444 3063 tum

362 3086 435 3141 35
471 3083 668 3160 fugam
707 3083 996 3160 virginum
1051 3092 1223 3157 atque
1274 3101 1600 3159 puerorum,
1645 3104 1713 3141 ac
1755 3086 2115 3143 vexationem
2154 3084 2444 3161 virginum

280 3160 285 3164 ’
470 3162 814 3233 Vestalium,
854 3162 1258 3238 perhorresco:
1314 3172 1391 3233 et,
1435 3163 1570 3235 quia
1609 3162 1751 3220 mihi
1792 3165 2159 3222 vehementer
2199 3164 2325 3220 haec
2364 3162 2447 3219 vi-

469 3244 676 3300 dentur
704 3240 916 3299 misera
943 3250 1112 3315 atque
1140 3240 1487 3312 miseranda,
1507 3241 1762 3300 idcirco
1750 3261 1808 3299 m
1826 3262 1943 3313 eOS,
1962 3242 2060 3316 qui
2082 3261 2151 3299 ea
2165 3242 2447 3318 perficere

424 3379 431 3386 ,
469 3321 790 3392 voluerunt,
809 3339 902 3377 me
920 3337 1181 3377 severum
1197 3319 1709 3410 vehementemque
1724 3321 1967 3397 praebeo.
2038 3320 2273 3379 Etenim
2294 3339 2449 3394 quae-

471 3419 554 3471 ro,
582 3398 631 3457 si
659 3400 787 3476 quis
812 3396 1240 3475 paterfamilias,
1267 3397 1466 3455 liberis
1500 3399 1619 3457 suis
1648 3418 1683 3457 a
1708 3419 1870 3488 servo
1904 3398 2240 3470 interfectis,
2269 3418 2449 3457 uxore

366 3483 437 3535 40
469 3478 686 3549 occisa,
715 3478 954 3536 incensa
995 3478 1182 3566 domu,
1211 3477 1552 3553 supplicium
1594 3478 1668 3535 de
1708 3477 1885 3535 servis
1926 3498 2040 3535 non
2073 3496 2246 3552 quam
2288 3496 2450 3535 acer-

471 3555 770 3612 bissimum
811 3555 1146 3631 sumpserit3
1189 3554 1426 3612 utrum
1412 3576 1461 3612 1s
1489 3556 1745 3614 clemens
1774 3575 1843 3613 ac
1870 3556 2214 3628 misericorS,
2245 3576 2318 3613 an
2362 3556 2451 3613 in-

477 3632 918 3691 humanissimus
946 3644 1004 3689 et
1031 3634 1481 3703 crudelissimus,
1511 3654 1637 3691 esse
1664 3634 1968 3691 videatur?
2010 3635 2152 3692 mihi
2180 3633 2314 3693 vero
2343 3634 2451 3691 im-

473 3720 750 3788 portunus
768 3729 838 3767 ac
860 3710 1098 3781 ferreuS,
1121 3711 1219 3784 qui
1241 3731 1375 3781 non,
1396 3678 1587 3769 dolore
1611 3731 1679 3769 ac
1703 3712 1967 3770 cruciatu
1987 3713 2268 3783 nocentiS,
2279 3732 2452 3771 suum

475 3788 726 3849 dolorem
767 3786 1203 3862 cruciatumque
1243 3788 1487 3846 lenierit.
1573 3790 1675 3847 Sic
1714 3810 1837 3863 n05,
1866 3790 1927 3849 in
1968 3791 2059 3848 his
2099 3758 2451 3866 homi’nibus,
