2698 4492
756 264 1030 316 ORATIO
1073 265 1116 316 1.
1161 265 1238 316 IN
1279 267 1342 316 L.
1388 265 1835 318 CATILINAM:
2334 274 2377 332 9

315 408 488 466 armis
517 417 678 466 certo
715 408 810 466 die
839 406 966 486 (qui
993 408 1118 467 dies
1146 409 1373 468 futurus
1400 421 1552 468 esset
1580 421 1713 468 ante
1741 411 1896 468 diem
1924 409 2031 471 VI.
2062 410 2273 469 Calen-

313 489 418 544 das
444 487 819 566 Novembris)
851 488 921 545 C.
941 486 1250 560 Manlium,
1281 489 1542 546 audacioe
1566 490 1869 547 satellitem
1900 503 2070 584 atque
2093 490 2272 548 admi-

313 567 556 623 nistrum
585 567 744 623 tuael
811 563 974 623 Num
1002 585 1095 623 me
1125 566 1345 636 fefellit,
1375 567 1651 640 Catilina,
1681 588 1799 626 non
1828 567 1999 626 modo
2028 588 2121 626 res
2147 579 2273 626 tan-

209 683 214 685 -
313 653 392 716 ta,
419 653 539 700 tam
565 653 746 716 atrox,
773 653 891 702 tam
921 645 1296 717 incredibilis,
1325 665 1524 704 verum
1558 646 1666 737 (id,
1695 648 1846 722 quod
1875 645 2055 704 multo
2084 649 2271 724 magis

311 732 399 779 est
411 722 856 812 admirandum)
887 724 1052 780 dies?
1133 723 1274 782 Dixi
1299 743 1411 800 ego
1438 725 1633 782 idem
1620 745 1681 782 ιιι
1709 736 1934 796 senatu,
1966 725 2187 782 caedem
2214 736 2271 782 te
2339 720 2377 773 5

311 801 647 895 optimatum
693 801 1007 859 contulisse
1045 802 1106 862 in
1135 813 1270 860 ante
1297 803 1453 860 diem
1480 804 1554 862 V.
1584 803 1875 861 Calendas
1903 803 2271 893 Novembris,

312 890 454 950 tum,
483 877 618 936 cum
647 879 815 937 multi
855 880 1151 956 principes
1187 881 1441 938 civitatis
1481 882 1697 954 Roma,
1725 901 1842 940 non
1869 893 1989 939 tam
2016 883 2107 940 sui
2135 902 2272 940 con-

313 958 596 1029 servandi,
624 956 797 1034 quam
841 969 1070 1016 tuorum
1115 960 1488 1017 consiliorum
1531 961 2047 1035 reprimendorum,
2092 962 2273 1018 causa

311 1036 701 1112 profugerunt.
785 1035 948 1094 Num
965 1025 1224 1095 inficiari
1250 1048 1435 1114 pote5‚
1464 1049 1520 1095 te
1548 1038 1689 1096 illo
1674 1058 1797 1114 ipso
1824 1039 1939 1109 die,
1962 1039 2107 1096 meis
2133 1058 2275 1114 prae-

313 1115 492 1186 sidiis,
534 1133 665 1172 ιιι33
711 1114 1013 1191 diligentia
1054 1116 1529 1213 circumclusum,
1570 1135 1932 1177 commovere
1972 1126 2030 1174 te
2071 1128 2275 1176 contra
2310 1111 2378 1164 10

310 1194 727 1269 rempublicam
766 1213 884 1252 non
925 1195 1211 1284 potuisse3
1275 1214 1417 1254 cum
1469 1205 1553 1267 tu,
1596 1195 1856 1253 discessu
1911 1205 2271 1268 caeterorum,

312 1273 504 1329 nostra
542 1282 758 1344 tamen,
785 1273 885 1348 qui
925 1273 1422 1346 remansissemus,
1465 1274 1626 1332 caede
1668 1284 2007 1332 contentum
2046 1284 2105 1332 te
2144 1293 2273 1332 esse

311 1351 586 1408 dicebas?

388 1429 596 1491 Quid?
639 1427 776 1487 cum
803 1439 866 1488 tu
894 1439 952 1488 te
993 1430 1287 1488 Praeneste
1328 1430 1610 1488 Calendis
1638 1431 1777 1507 ipsis
1802 1430 2151 1490 Novembris
2177 1450 2275 1489 oc-

312 1519 656 1585 cupatur-um
680 1524 966 1567 nocturno
987 1509 1205 1585 impetu
1227 1529 1357 1566 esse
1379 1510 1733 1580 confrderes;
1763 1511 2091 1581 sensistine,
2115 1510 2273 1567 illam
2310 1507 2380 1561 15

312 1587 598 1646 coloniam
626 1606 756 1645 meo
776 1587 961 1678 jussu,
988 1587 1290 1663 praesidiis,
1308 1588 1605 1659 custodiis,
1634 1588 1975 1677 vigiliisque,
1998 1607 2126 1646 esse
2154 1607 2277 1645 mu-

313 1666 534 1724 nitam?
601 1663 766 1723 Nihil
797 1667 940 1744 agis,
970 1664 1114 1724 nihii
1129 1666 1392 1759 moliris,x
1403 1667 1549 1723 nihil
1576 1668 1818 1743 cogitas,
1841 1668 1993 1742 quod
2020 1686 2130 1742 ego
2157 1685 2275 1724 non

313 1741 486 1803 modo
514 1763 631 1802 non
661 1745 913 1816 audiam,
936 1745 1039 1802 sed
1066 1744 1241 1802 etiam
1268 1764 1387 1803 non
1418 1744 1664 1817 videam,
1692 1743 1980 1820 planeque
2008 1745 2273 1803 sentiam.

393 1823 501 1882 IV.
584 1823 974 1899 Recognosce
1015 1823 1251 1880 tandem
1292 1841 1525 1880 mecum
1566 1833 1813 1920 noctem
1837 1823 1992 1880 illam
2024 1823 2279 1899 superio-

314 1921 471 1961 rem:
523 1900 644 1978 jam
687 1901 975 1979 intelliges
1015 1899 1197 1959 multo
1239 1920 1333 1958 me
1374 1901 1612 1978 vigilare
1663 1900 1855 1961 acrius
1896 1903 1969 1959 ad
2010 1902 2274 1973 salutem,
2308 1907 2383 1961 20

314 1979 503 2071 quam·
515 1991 573 2037 te
602 1980 675 2037 ad
703 1981 1044 2056 perniciem,
1071 1980 1425 2057 reipublicae.
1508 1979 1662 2038 Dico
1687 1990 1746 2038 te
1774 1981 1948 2056 priori
1985 1991 2158 2038 nocte
2186 1999 2280 2037 ve-

317 2059 470 2118 nisse
490 2059 638 2116 inter
656 2059 923 2117 falcarios
947 2059 1092 2137 (non
1117 2078 1286 2136 agam
1307 2057 1627 2149 obscure)
1613 2078 1673 2116 ιιι
1692 2057 1777 2116 Μ.
1802 2059 1993 2117 Laecae
2010 2059 2276 2116 domum·
2261 2101 2277 2129 ,

317 2138 658 2196 convenisse
697 2135 907 2196 eodem
948 2137 1276 2214 complures
1313 2137 1578 2214 ejusdem
1621 2138 1889 2195 amentiae
1930 2138 2280 2213 scelerisque

317 2217 523 2275 socios.
605 2215 766 2275 Num
809 2236 1025 2294 negare
1067 2216 1284 2275 audes'l
1364 2216 1531 2279 Quid
1559 2217 1762 2275 taces'l
1825 2217 2190 2307 convincam,
2231 2215 2282 2274 si

317 2315 533 2392 negaS.
575 2296 744 2355 video
783 2296 942 2353 enim
981 2315 1110 2354 esse
1151 2294 1251 2354 hic
1293 2296 1355 2353 in
1386 2306 1591 2353 senatu
1620 2295 1919 2371 quosdam,
1947 2296 2047 2371 qui
2086 2306 2281 2353 tecum
2314 2302 2388 2357 25

318 2376 438 2435 una
466 2373 644 2433 fuere.

399 2453 458 2511 O
485 2454 584 2511 Dii
614 2452 997 2512 immortales!
1042 2451 1281 2510 ubinam
1323 2450 1585 2529 gentium
1628 2452 1866 2509 sumus'l
1910 2451 1971 2510 in
1997 2451 2112 2528 qua
2142 2452 2283 2509 urbe

319 2532 603 2591 vivimus'l
643 2550 816 2608 quam
857 2531 1275 2607 rempublicam
1317 2530 1644 2588 habemus?
1727 2528 1869 2602 Hic,
1901 2529 1998 2588 hic
2040 2542 2193 2602 sunt,
2222 2531 2284 2588 in

321 2622 517 2670 nostro
543 2630 804 2682 numero,
833 2610 1036 2669 Patres
1063 2609 1463 2702 Conscriptoi,
1449 2629 1509 2667 ιιι
1538 2611 1650 2668 hoc
1676 2610 1834 2667 orbis
1854 2620 2020 2668 terrae
2044 2610 2287 2667 sanctis-

322 2691 470 2748 simo
509 2689 958 2767 gravissimoque
999 2690 1262 2762 consilio,
1290 2690 1390 2765 qui
1430 2689 1504 2747 de
1544 2708 1675 2749 meo
1700 2688 2073 2765 nostrumque
2102 2688 2289 2747 omni·
2318 2695 2393 2752 30

289 2814 292 2817 -
324 2772 421 2827 ιιιιι
451 2769 706 2839 interitu,
733 2768 834 2844 qui
873 2768 946 2827 de
989 2768 1160 2845 hujus
1202 2768 1381 2839 urbis,
1414 2778 1583 2843 atque
1626 2766 1773 2827 adeo
1800 2769 1955 2827 orbis
1982 2778 2285 2836 terrarum,

322 2847 500 2905 exitio
543 2847 817 2925 cogitent.
901 2847 1103 2907 Hosce
1143 2866 1254 2923 ego
1293 2848 1463 2905 video
1505 2848 1729 2919 consul,
1771 2859 1832 2907 et
1872 2848 1945 2905 de
1987 2846 2288 2923 republica

324 2926 670 2984 sententiam
700 2945 872 3002 rogo·
858 2970 872 2983 .
913 2936 992 2998 et,
1021 2946 1164 3001 quos
1191 2926 1341 2984 ferro
1368 2925 1647 2984 trucidari
1673 2926 1992 3002 oportebat,
2020 2945 2121 2984 eos
2147 2946 2287 2983 non-

324 3006 464 3063 dum
504 3024 646 3063 voce
687 3004 940 3063 vulnero.
1023 3003 1212 3062 Fuisti
1267 3004 1286 3061 i
1329 3004 1442 3062 itur
1484 3003 1635 3080 apud
1678 3004 1913 3063 Laecam
1956 3005 2054 3062 illa
2094 3015 2287 3074 nocte,

327 3084 620 3141 Catilina:
675 3083 1017 3142 distribuisti
1055 3094 1247 3167 partes
1287 3024 1508 3141 italiae:
1549 3083 1819 3155 statuisti,
1846 3082 1963 3159 quo
2004 3102 2289 3159 quemque
2322 3085 2397 3141 35

325 3162 616 3238 proficisci
657 3162 952 3237 placeret.
995 3160 1280 3239 delegisti,
1310 3182 1454 3237 quos
1494 3161 1703 3238 Romae
1746 3130 2119 3238 relinqueres,
2148 3180 2291 3236 quos

328 3250 525 3299 tecum
553 3240 867 3299 educeres.
911 3241 1267 3317 descripsisti
1296 3241 1457 3299 urbis
1482 3251 1675 3316 partes
1704 3242 1775 3297 ad
1804 3240 2111 3298 incendia:
2154 3258 2292 3296 con·

327 3318 588 3391 firmasti,
614 3330 673 3377 te
715 3320 903 3398 ipsum
939 3318 1060 3395 jam
1103 3339 1231 3377 esse
1259 3318 1583 3377 exiturum.
1626 3319 1820 3376 dixisti
1859 3317 2157 3393 paululum
2187 3316 2293 3376 tibi

326 3417 454 3455 3333
481 3398 656 3456 etiam
685 3408 806 3456 tum
834 3416 1028 3488 morae,
1056 3396 1211 3473 quod
1240 3416 1351 3473 ego
1378 3398 1645 3454 viverem.
1728 3395 1974 3472 Reperti
2014 3406 2149 3456 sunt
2176 3396 2295 3455 duo

327 3476 550 3553 equites
577 3476 858 3549 Romani,
885 3475 985 3551 qui
1013 3488 1069 3534 te
1098 3476 1208 3533 ista
1238 3475 1381 3532 cura
1415 3476 1748 3545 liberarent,
1777 3485 1836 3532 et
1862 3494 2009 3546 sese,
2040 3474 2139 3532 ills
2168 3474 2294 3552 ipsa
2327 3477 2399 3532 40

332 3566 521 3625 nocte,
549 3555 721 3631 paulo
750 3565 884 3613 ante
911 3556 1124 3627 lucem,
1151 3573 1246 3611 me
1276 3554 1336 3611 in
1366 3572 1497 3611 meo
1519 3550 1747 3611 lectulo
1753 3554 2157 3614 interfecturos
2177 3554 2297 3630 pol·

327 3635 662 3692 licerentur.
745 3633 896 3691 Haec
923 3653 1034 3709 ego
1058 3634 1274 3704 omnia,
1302 3632 1400 3690 vix
1426 3630 1565 3689 d'um
1606 3632 1783 3690 etiam
1813 3644 1968 3691 coetu
1997 3643 2185 3690 vestro
2213 3632 2299 3689 di-

328 3712 526 3783 misso,
556 3712 847 3803 comperi:
889 3713 1122 3769 domum
1165 3730 1357 3769 meam
1400 3710 1713 3787 majoribus
1751 3712 2035 3794 praesidiis
2066 3710 2297 3769 munivi

328 3802 503 3868 atque
531 3790 792 3850 firmavi:
836 3790 1059 3849 exclusi
1085 3810 1206 3864 eos,
1233 3810 1377 3868 quos
1416 3800 1483 3849 tu
1521 3790 1695 3849 mane
1741 3792 1813 3849 ad
1854 3809 1947 3848 me
1984 3790 2299 3849 salutatum
