2698 4492
749 284 1020 335 ORATIO
1066 285 1203 334 PRO
1249 285 1445 335 LEGE
1490 283 1824 334 MANILIA.
2300 283 2375 340 51

309 428 506 485 Testis
533 439 620 485 est
645 428 857 498 Gallia,
885 447 985 504 per
1012 447 1186 503 quam
1212 428 1536 505 legionibus
1578 427 1787 485 nostris
1829 425 1890 484 in
1934 425 2279 500 Hispaniam

309 507 438 577 iter,
465 507 760 563 Gallorum
789 507 1201 577 internecione,
1220 507 1571 582 patefactum
1619 515 1721 563 est.
1805 504 2004 562 Testis
2030 514 2119 561 est
2145 503 2282 560 His-

307 586 499 661 pania,
521 604 647 660 quae
669 585 980 660 saepissime
999 585 1271 660 plurimos
1293 586 1486 642 hostes
1504 586 1578 645 ab
1599 585 1709 641 hoc
1730 593 2022 659 superatos
2040 593 2283 658 prostra-

309 673 513 738 tosque
551 664 860 738 conspexit.
943 662 1141 720 Testis
1183 673 1270 719 est
1312 664 1521 720 iterum
1563 672 1622 719 et
1664 662 1870 737 saepius
1913 660 2103 732 Italia,
2132 680 2279 736 quse,

311 760 445 799 cum
473 742 663 798 servili
691 742 841 798 bello
867 750 1013 798 tetro
1037 741 1468 816 periculosoque
1494 750 1866 816 premeretur,
1887 741 1959 796 ab
1988 741 2096 796 hoc
2127 740 2283 796 auxi-
2308 743 2345 795 5

310 820 452 876 lium
491 821 726 876 absente
769 819 1068 894 expetivit3
1110 818 1261 892 quod
1304 819 1518 875 bellum
1561 818 1983 893 exspectatione
2025 817 2281 893 Pompeii

313 907 672 954 attenuatum
701 906 868 971 atque
897 896 1263 952 imminutum
1291 906 1397 966 est,
1430 898 1675 953 adventu
1702 895 1991 952 sublatum
2010 913 2079 952 ac
2098 896 2285 970 sepul-

311 985 452 1030 tum.
535 974 746 1030 Testes
772 972 906 1030 vero
931 975 1050 1048 jam
1077 992 1275 1031 omnes
1301 993 1436 1044 orae,
1467 982 1636 1047 atque
1662 992 1861 1030 omnes
1900 982 2107 1030 exterae
2148 993 2285 1048 gen-

313 1062 401 1108 tes
431 1069 500 1108 ac
526 1052 806 1121 natione3‚
837 1052 1082 1126 denique
1125 1052 1308 1110 maria
1348 1052 1563 1122 omnia,
1592 1061 1714 1108 tum
1758 1051 2043 1121 universa,
2071 1060 2194 1107 tum
2224 1051 2283 1107 in

315 1128 556 1205 singulis
588 1128 754 1208 [oris]
775 1130 1151 1187 omnessinus
1173 1140 1340 1205 atque
1356 1140 1567 1206 portus,
1648 1128 1805 1191 Quis
1832 1128 1987 1186 enirn
2007 1137 2123 1186 toto
2140 1129 2282 1186 mari
2314 1130 2382 1183 10

314 1208 474 1265 locus
500 1227 598 1283 per
628 1209 728 1264 hos
747 1227 923 1264 annos
943 1220 1040 1264 aut
1058 1219 1177 1265 tam
1194 1208 1422 1266 firmum
1451 1208 1650 1265 habuit
1676 1207 2025 1284 praesidium,
2048 1216 2113 1263 ut
2126 1217 2285 1264 tutus

313 1295 483 1368 esset,
514 1295 612 1343 aut
628 1295 746 1342 tam
764 1286 872 1343 fuit
893 1287 1140 1357 abdituS‚
1168 1297 1232 1344 ut
1257 1288 1501 1345 lateret?
1540 1287 1697 1348 Quis
1724 1286 2033 1362 navigavit,
2052 1286 2283 1361 quinon

313 1385 374 1422 se
408 1373 506 1422 aut
549 1365 746 1422 mortis
791 1375 890 1421 aut
931 1366 1219 1422 servitutis
1259 1366 1517 1442 periculo
1560 1365 1960 1434 committeret,
2005 1383 2139 1422 cum
2186 1372 2284 1421 aut

312 1443 521 1513 hieme,
553 1453 651 1500 aut
677 1442 886 1500 referto
909 1444 1244 1519 praedonum
1271 1445 1437 1515 mari,
1466 1445 1801 1521 navigaret?
1884 1443 2018 1501 Hoc
2057 1452 2282 1500 tantum

315 1522 546 1591 bellum,
574 1530 692 1579 tam
719 1523 904 1597 turpe,
932 1532 1051 1578 tam
1078 1532 1260 1592 vetuS,
1287 1533 1407 1579 tam
1434 1521 1549 1579 late
1580 1523 1826 1579 divisum
1870 1531 2040 1595 atque
2072 1521 2285 1596 disper-
2314 1525 2382 1579 15

313 1618 460 1668 sum,
489 1599 615 1673 quis
643 1618 895 1674 unquam
926 1599 1294 1658 arbitraretur
1323 1610 1423 1658 aut
1452 1601 1524 1659 ab
1550 1601 1816 1657 omnibus
1848 1598 2287 1674 imperatoribus

314 1696 429 1734 uno
457 1695 624 1746 ann0,
655 1687 753 1734 aut
777 1678 1043 1734 omnibus
1073 1679 1239 1735 annis
1282 1680 1355 1735 ab
1382 1698 1499 1737 uno
1540 1679 1899 1753 imperatore,
1929 1677 2138 1734 confici
2163 1697 2287 1752 pos-

313 1755 416 1810 se'l
495 1754 696 1816 Quam
726 1756 1077 1830 provinciam
1120 1757 1387 1814 tenuistis
1430 1776 1465 1813 a
1503 1757 1865 1832 praedonibus
1905 1756 2146 1813 liberam
2184 1774 2287 1829 per

313 1833 487 1890 hosce
517 1834 736 1890 annos?
777 1835 928 1907 quod
959 1835 1205 1910 vectigal
1233 1835 1393 1894 vobis
1434 1844 1621 1892 tutum
1663 1834 1810 1891 fuit?
1853 1852 2023 1908 quem
2066 1833 2285 1890 socium

311 1911 682 1968 defendistis?
728 1912 824 1969 cui
854 1912 1118 1988 praesidio
1139 1914 1419 1971 classibus
1447 1913 1646 1971 vestris
1668 1912 1893 1972 fuistis?
1938 1909 2111 1988 quam
2144 1911 2287 1968 mul·
2312 1921 2384 1976 20

311 1998 400 2045 tas
427 1989 763 2046 existimatis
791 1990 1008 2048 insulas
1034 2011 1159 2050 esse
1187 1993 1474 2050 desertas!
1519 1989 1692 2067 quam
1734 1991 1945 2048 multas
1988 1999 2087 2047 aut
2127 2000 2285 2048 metu

313 2066 562 2138 relictaS,
595 2076 692 2124 aut
720 2087 754 2125 a
777 2069 1140 2144 praedonibus
1168 2081 1385 2148 captaS,
1413 2072 1586 2128 urbes
1613 2089 1739 2128 esse
1766 2070 2085 2128 sociorum!
2143 2140 2145 2144 ,

393 2144 539 2201 XII.
610 2147 727 2202 Sed
769 2148 906 2220 quid
949 2167 1058 2224 ego
1102 2149 1416 2226 longinqua
1462 2149 1884 2207 commemoro?
1982 2147 2121 2204 Fuit
2176 2147 2287 2204 hoc

314 2223 622 2296 quondam,
652 2223 758 2280 fuit
781 2226 1068 2302 proprium
1094 2228 1286 2304 populi
1312 2227 1568 2285 Romani
1594 2225 1765 2303 longe
1797 2245 1831 2283 a
1858 2226 2025 2283 domo
2050 2224 2285 2295 bellare,

315 2310 393 2369 et,
421 2301 864 2375 propugnaculis
891 2304 1134 2377 imperii,
1179 2306 1462 2362 sociorum
1506 2306 1779 2373 fortunas,
1807 2323 1923 2361 non
1966 2322 2072 2359 sua
2110 2308 2284 2373 tecta,
2312 2314 2385 2367 25

315 2378 643 2435 defendere.
728 2379 916 2436 Sociis
944 2400 1053 2455 ego
1079 2383 1278 2439 vestris
1305 2401 1464 2439 mare
1494 2381 1753 2438 clausum
1779 2400 1879 2455 per
1908 2381 2081 2437 hosce
2111 2399 2290 2436 annos

313 2454 508 2513 dicam
537 2455 732 2525 fuisse,
763 2454 898 2513 cum
925 2460 1211 2515 exercitus
1237 2460 1415 2518 nostri
1445 2480 1479 2516 a
1506 2458 1813 2517 Brundisio
1839 2476 2151 2531 nunquam,
2175 2457 2287 2514 nisi

313 2533 540 2590 summa
568 2533 777 2604 hieme,
800 2536 1256 2595 transmiserint?
1335 2538 1463 2599 Qui
1492 2539 1564 2595 ad
1592 2556 1689 2595 vos
1719 2536 1790 2593 ab
1812 2536 2021 2593 exteris
2048 2536 2289 2593 nationi-

314 2612 421 2668 bus
464 2611 742 2682 venirent,
773 2624 968 2687 captos
1009 2634 1234 2689 querar,
1279 2614 1415 2675 cum
1458 2615 1633 2693 legati
1674 2615 1865 2690 populi
1910 2614 2162 2671 Romani
2202 2633 2289 2671 re-

314 2690 530 2765 dempti
575 2690 729 2747 sint'l
809 2690 1234 2750 Mercatoribus
1276 2704 1464 2751 tutum
1507 2713 1665 2751 mare
1708 2712 1822 2751 non
1856 2692 2031 2750 fuisse
2054 2692 2284 2762 dicam,
2312 2702 2385 2756 30

313 2766 450 2825 cum
479 2767 783 2825 duodecim
811 2789 1042 2828 secures
1070 2771 1129 2829 in
1163 2774 1495 2848 praedonum
1520 2781 1853 2848 potestatem
1881 2771 2283 2848 pervenerint?

316 2845 591 2917 Cnidum,
637 2857 735 2903 aut
777 2847 1185 2924 Colophonem,
1233 2862 1331 2908 aut
1375 2852 1635 2921 Samum,
1678 2850 2060 2907 nobilissimas
2092 2850 2283 2922 urbeS,

314 2924 872 3000 innumerabilesque
902 2927 1062 2997 alias,
1093 2938 1289 3003 captas
1324 2949 1450 2986 esse
1494 2948 1953 3000 commemorem,
1985 2926 2121 2987 cum
2164 2948 2287 2985 ves-

292 3012 429 3063 .tros
453 3013 667 3077 portus,
699 3014 866 3078 atque
895 3024 992 3062 eos
1016 3016 1210 3082 portus
1237 3008 1445 3083 quibus
1472 3008 1646 3065 vitam
1678 3017 1737 3064 et
1762 3007 2023 3083 spiritum
2050 3006 2282 3076 ducitiS,

314 3081 376 3137 in
401 3081 731 3155 praedonum
760 3082 934 3139 fuisse
952 3094 1231 3159 potestate
1251 3086 1489 3143 sciatis?
1551 3087 1647 3142 An
1675 3085 1809 3143 vero
1839 3086 2133 3161 ignoratiS,
2161 3104 2285 3159 por·
2310 3096 2383 3150 35

313 3168 437 3215 tum
465 3158 684 3215 Caietae
712 3160 1150 3219 celeberrimum
1181 3174 1348 3239 atque
1375 3164 1775 3240 plenissimum
1788 3165 2040 3232 navium,
2063 3162 2285 3237 inspec-

312 3245 472 3293 tante
498 3246 754 3312 praetore‚
787 3256 820 3293 a
846 3240 1206 3313 praedonibus
1234 3262 1359 3299 esse
1382 3243 1697 3317 direptum3
1728 3262 1800 3298 ex
1819 3240 2049 3297 Miseno
2071 3250 2283 3310 autem,

313 3314 437 3389 ejus
465 3314 642 3390 ipsius
667 3315 894 3386 liberos,
922 3318 1020 3391 qui
1049 3337 1182 3375 cum
1208 3320 1571 3395 praedonibus
1600 3329 1770 3376 antea
1805 3318 1887 3375 ibi
1919 3318 2131 3374 bellum
2160 3336 2286 3393 ges-

313 3402 484 3462 serat,
516 3411 548 3449 a
574 3394 936 3467 praedonibus
962 3399 1405 3455 essesublatos‘!
1485 3397 1643 3453 Nam
1685 3396 1821 3470 quid
1864 3414 1972 3471 ego
2000 3394 2284 3453 Ostiense

314 3471 760 3541 incommodum,
819 3481 986 3547 atque
1039 3475 1196 3531 illam
1265 3476 1457 3533 labem
1527 3485 1697 3548 atque
1751 3472 2123 3549 ignominiam
2176 3474 2284 3531 rei·
2312 3474 2381 3527 40

311 3549 578 3625 publicae,
625 3568 863 3624 querar3
923 3550 1082 3621 cum,
1125 3552 1298 3629 prope
1355 3552 1808 3629 inspectantibus
1861 3551 2038 3621 vobiS,
2084 3552 2286 3623 classis

313 3646 403 3695 ea,
434 3627 530 3683 cui
559 3628 756 3683 consul
784 3628 975 3703 populi
1005 3630 1258 3687 Romani
1283 3632 1617 3707 praepositus
1658 3639 1828 3700 esset,
1860 3648 1893 3685 a
1922 3630 2285 3705 praedonibus

315 3714 482 3779 capta
528 3714 698 3779 atque
739 3725 1007 3781 oppressa
1049 3710 1174 3766 est?
1255 3709 1387 3779 Pro,
1421 3709 1522 3767 Dii
1566 3709 1945 3766 immortales!
1988 3717 2285 3766 tantamne

315 3784 486 3841 unius
526 3783 774 3841 hominis
817 3784 1173 3845 incredibilis
1217 3806 1288 3847 ac
1329 3788 1527 3847 divina
1567 3787 1745 3846 virtus
1786 3797 1906 3844 tam
1948 3786 2106 3843 brevi
2146 3796 2288 3843 tem·
