2698 4492
228 326 345 387 130
827 326 1099 377 ORATIO
1144 326 1221 376 IN
1265 326 1341 376 M.
1389 324 1796 376 ANTONIUM.

352 532 361 539 ,
408 470 491 529 At
516 468 673 529 enim
698 480 757 529 te
786 468 847 529 in
876 468 1243 546 disciplinam
1270 489 1460 529 meam
1485 469 1808 527 tradideras
1857 468 2022 547 (narn
2063 478 2145 527 lta
2183 467 2304 527 dix·

278 580 287 587 ·
330 550 451 628 isti)
479 568 492 607 ε
535 550 767 607 domum
796 568 983 607 meam
1012 550 1339 607 ventitaras.
1422 548 1481 606 N
1487 569 1534 606 ae
1563 559 1646 620 tu,
1664 548 1714 605 si
1734 548 1795 606 id
1823 548 2078 619 fecisses,
2098 546 2306 607 melius

332 630 519 699 famae,
548 624 754 685 melius
778 627 1073 703 pudicitiae
1114 638 1249 698 ture,
1298 622 1700 699 consuluisses.
1783 628 1902 685 Sed
1942 647 2053 685 nec
2095 628 2303 699 fecisti,

330 727 461 778 nec,
490 707 538 764 si
566 726 827 781 cupereS,
857 705 963 763 tibi
991 706 1051 763 id
1076 726 1178 783 per
1207 707 1275 764 C.
1306 706 1621 764 Curionem
1651 706 1842 763 facere
1869 706 2144 764 licuisset.

258 793 297 846 5
412 785 749 863 Auguratfis
792 784 1128 860 petitionem
1166 785 1309 843 mihi
1348 795 1407 842 te
1447 785 1802 843 concessisse
1841 784 2051 842 dixisti.
2133 784 2190 843 Ο
2220 785 2303 843 in·-

326 864 669 923 credibilem
715 863 1050 922 audaciam!
1095 883 1131 922 o
1168 863 1585 940 impudentiam
1622 864 2085 938 praedicandam!
2165 864 2306 925 Quo

331 943 489 1001 enim
541 953 795 1018 tempore
849 961 942 1000 me
996 961 1276 1019 augurem
1318 962 1353 1000 a
1392 952 1511 1001 toto
1558 940 1801 1017 collegio
1839 942 2152 1018 expetitum
2191 943 2303 1001 Cn.

332 1021 638 1099 Pompeius
663 1032 723 1080 et
746 1021 829 1083 Q.
859 1020 1205 1079 Hortensius
1246 1020 1684 1079 nominaverunt
1733 1018 1948 1097 (neque
1985 1020 2142 1077 enim
2169 1021 2308 1079 lice-

333 1102 433 1158 bat
474 1121 511 1158 a
552 1101 810 1178 pluribus
851 1099 1186 1189 nominari),
1214 1110 1277 1157 tu
1318 1118 1430 1157 nec
1470 1099 1741 1157 solvendo
1765 1118 1913 1169 eras,
1942 1119 2054 1156 nec
2094 1109 2151 1157 te
2193 1100 2309 1158 ullo

230 1183 299 1238 10
335 1180 523 1251 modo,
551 1179 662 1237 nisi
691 1178 891 1237 eversa
936 1179 1253 1255 republica,
1282 1178 1630 1235 incolumem
1660 1177 1778 1235 fore
1803 1178 2062 1255 putabaS.
2145 1178 2310 1236 Pote-

334 1277 428 1316 ras
456 1268 649 1315 autem
674 1277 745 1315 eo
770 1267 1022 1333 tempore
1052 1266 1394 1333 auguratum
1420 1266 1635 1332 petere,
1664 1252 1800 1313 cum
1829 1255 1890 1313 in
1931 1242 2103 1315 Italia
2130 1256 2305 1315 Curic

334 1356 449 1393 non
477 1336 667 1393 esset‘l
710 1345 810 1391 aut
826 1343 969 1405 tum,
988 1332 1123 1392 curn
1140 1354 1205 1391 es
1232 1335 1439 1405 factus,
1462 1353 1639 1391 unam
1657 1334 1870 1391 tribum
1897 1334 2024 1393 sine
2051 1335 2307 1393 Curione

272 1458 287 1470 .
337 1413 485 1471 ferre
541 1412 865 1489 potuisses?
926 1413 1091 1489 cujus
1151 1413 1325 1471 etiam
1370 1412 1682 1471 familiares
1733 1413 1808 1470 de
1847 1412 1903 1469 vi
1944 1412 2311 1480 condemnati

335 1502 487 1562 sunt,
516 1489 670 1566 quod
699 1491 784 1548 tui
812 1491 985 1548 nimis
1011 1491 1249 1549 studiosi
1278 1491 1534 1549 fuissent.

232 1572 301 1627 15
415 1570 530 1627 ΙΙΙ.
602 1571 682 1626 At
710 1569 995 1627 beneficio
1032 1588 1161 1627 sum
1202 1589 1340 1627 usus
1382 1580 1498 1628 tu0.
1577 1568 1762 1631 Quo?
1803 1588 2128 1645 quanquam
2171 1570 2311 1627 illud

336 1648 543 1725 ipsum,
572 1649 725 1723 quod
761 1667 1194 1719 commemoras,
1222 1668 1445 1725 semper
1486 1668 1604 1724 prae
1651 1667 1746 1707 me
1783 1649 1908 1706 tuli.
1991 1647 2178 1707 Malui
2219 1668 2313 1706 me

336 1727 442 1785 tibi
471 1728 683 1785 debere
711 1726 991 1799 confiteri,
1019 1725 1193 1803 quam
1220 1727 1493 1802 cuiquam
1520 1724 1714 1785 minus
1737 1726 2006 1803 prudenti
2031 1746 2148 1785 non
2175 1728 2315 1785 satis

336 1817 534 1884 gratus
561 1806 757 1864 videri.
842 1807 961 1863 Sed
1008 1825 1120 1881 quo
1165 1806 1488 1864 beneficio?
1529 1803 1686 1881 quod
1731 1824 1824 1862 me
1865 1804 2160 1863 Brundisii
2197 1826 2314 1864 non

336 1886 661 1944 occideris?
739 1885 940 1947 Quem
968 1884 1087 1961 ipse
1114 1884 1293 1942 victor
1324 1884 1451 1961 (qui
1493 1884 1620 1955 tibi,
1649 1894 1712 1941 ut
1739 1893 1861 1942 tute
1903 1884 2135 1961 gloriari
2175 1885 2316 1943 sole-

232 1966 303 2020 20
338 1964 461 2035 bas,
510 1963 793 2020 detulerat
839 1982 911 2021 ex
950 1962 1267 2021 latronibus
1312 1963 1434 2019 suis
1477 1962 1890 2042 principatum)
1941 1963 2160 2020 salvum
2188 1983 2315 2021 esse

338 2041 627 2111 voluisset,
677 2041 737 2098 in
785 2040 1015 2097 Italiam
1064 2040 1148 2098 ire
1188 2040 1470 2117 jussisset,
1517 2060 1652 2099 eum
1679 2051 1740 2098 tu
1768 2041 2108 2099 occideres?
2189 2042 2312 2100 Fac

336 2119 621 2196 potuisse:
664 2120 815 2194 quod
843 2129 929 2177 est
958 2118 1133 2189 aliud,
1162 2119 1364 2176 Patres
1401 2119 1746 2196 Conscripti,
1775 2120 2122 2177 beneficium
2149 2120 2316 2178 latro-

338 2218 499 2270 num,
528 2197 639 2256 nisi
667 2208 731 2256 ut
758 2216 1205 2257 commemorare
1249 2197 1487 2274 possint,
1515 2198 1588 2256 iis
1613 2217 1677 2257 se
1716 2198 1944 2257 dedisse
1970 2198 2166 2271 vitam,
2193 2199 2316 2275 qui-

340 2279 447 2336 bus
487 2297 601 2336 non
650 2278 1008 2336 ademerint?
1089 2277 1268 2338 Quod
1315 2277 1364 2335 si
1410 2289 1562 2336 esset
1607 2277 1973 2350 beneficium,
2021 2297 2316 2353 nunquam

232 2363 305 2427 25
342 2357 401 2428 ii,
431 2357 530 2432 qui
558 2357 719 2414 illum
749 2356 1183 2428 interfecerunt,
1214 2375 1248 2414 a
1273 2375 1388 2431 quo
1413 2367 1578 2415 erant
1616 2356 1849 2428 servati,
1882 2357 2052 2432 (quos
2091 2367 2154 2414 tu
2195 2357 2318 2433 ipse

340 2436 490 2493 viros
517 2436 863 2494 clarissimos
893 2435 1176 2512 appellare
1202 2436 1377 2514 soles)
1402 2445 1620 2493 tantam
1649 2446 1842 2494 essent
1861 2435 2102 2512 gloriam
2120 2455 2320 2494 conse-

341 2515 479 2572 cuti.
560 2514 758 2575 Quale
788 2525 980 2573 autem
1024 2513 1372 2572 beneficium
1418 2524 1525 2586 est,
1554 2514 1705 2589 quod
1747 2523 1805 2572 te
1836 2513 2180 2572 abstinueris
2218 2533 2318 2572 ne-

342 2593 485 2650 fario
512 2593 775 2650 scelere?
853 2592 998 2655 Qua
1038 2592 1098 2651 in
1146 2612 1228 2663 re,
1276 2612 1392 2651 non
1439 2603 1558 2650 tam
1593 2593 1914 2668 jucundum
1955 2592 2135 2650 videri
2175 2592 2319 2650 mihi

243 2683 255 2688 “
338 2671 556 2741 debuit,
599 2691 712 2728 non
744 2671 1106 2729 interfectum
1139 2689 1173 2727 a
1199 2681 1277 2742 te,
1307 2669 1483 2746 quam
1529 2671 1823 2744 miserum,
1871 2671 1931 2728 id
1973 2681 2032 2728 te
2077 2668 2316 2748 impune

233 2751 305 2804 30
339 2749 531 2806 facere
558 2749 825 2824 potuisse.
1506 2753 1518 2763 ’”

418 2827 534 2883 Sed
554 2827 638 2882 'sit
663 2826 1031 2896 beneficium,
1079 2827 1543 2902 quandoquidem
1586 2828 1771 2906 majus
1811 2828 1998 2905 accipi
2029 2847 2063 2886 a
2100 2828 2320 2887 latrone
2349 2899 2356 2904 ·

338 2904 559 2962 nullum
586 2903 803 2980 potuit3
848 2903 909 2960 in
949 2922 1062 2978 quo
1101 2913 1263 2980 potes
1307 2923 1404 2962 me
1449 2905 1646 2964 dicere
1690 2909 2023 2984 ingratum?
2108 2909 2206 2964 An
2246 2907 2320 2964 de

340 2983 574 3041 interitu
602 2981 934 3057 reipublicae
963 2983 1126 3056 queri
1154 3002 1269 3040 non
1290 2983 1487 3055 debui,
1505 3004 1580 3042 ne
1602 2985 1663 3042 in
1690 2995 1748 3044 te
1777 2986 2036 3062 ingratus
2055 2985 2318 3043 viderer?

339 3061 516 3132 Nam,
547 3060 607 3119 in
636 3061 733 3118 illa
762 3061 1017 3135 querela,
1050 3060 1290 3138 (misera
1318 3061 1552 3136 quidem
1595 3073 1654 3120 et
1699 3065 1983 3135 luctuosa,
2012 3064 2114 3122 sed
2156 3063 2319 3136 mihi,

235 3145 307 3200 35
337 3161 440 3218 pro
467 3141 575 3198 hoc
604 3141 787 3217 gradu
816 3139 875 3197 in
904 3159 1017 3214 quo
1034 3159 1135 3204 me
1163 3138 1398 3210 senatus
1442 3142 1795 3218 populusque
1822 3143 2126 3200 Romanus
2154 3143 2324 3200 collo-

343 3219 513 3290 cavit,
543 3218 900 3296 necessariae‘i.)
950 3219 1087 3293 quid
1136 3229 1225 3276 est
1270 3219 1505 3277 dictum»
1541 3239 1576 3277 a
1603 3239 1695 3278 me
1744 3240 1878 3278 cum
1927 3220 2320 3290 contumelia?

340 3299 479 3376 quid
526 3319 639 3356 non
687 3296 1025 3356 moderate?
1080 3298 1220 3374 quid
1263 3318 1380 3356 non
1436 3297 1668 3355 amice!
1753 3299 1831 3356 Et
1877 3300 2110 3374 quidem
2157 3299 2323 3374 cujus

342 3378 731 3454 temperantiae
760 3376 886 3448 fuit,
916 3377 989 3453 de
1036 3375 1119 3434 M.
1153 3376 1409 3436 Antonio
1449 3387 1804 3453 querentem,
1835 3378 2122 3437 abstinere
2151 3379 2324 3435 male·

342 3455 544 3514 dicto‘!
586 3455 903 3532 praesertim
952 3453 1086 3513 cum
1131 3465 1193 3512 tu
1225 3456 1507 3531 ,reliquias
1534 3455 1864 3533 reipublicae
1892 3457 2320 3532 dissipavisses3

160 3533 165 3538 '
237 3533 309 3588 40
344 3532 481 3592 cum
508 3535 661 3591 domi
690 3545 802 3591 tuae
830 3534 1156 3610 turpissimo
1175 3531 1436 3592 mercatu
1455 3535 1869 3605 omnialessent
1895 3535 2157 3606 venalia3
2188 3532 2325 3593 cum

342 3613 503 3688 leges
543 3631 661 3682 eaS,
691 3631 816 3686 quae
844 3631 1139 3687 nunquam
1164 3613 1540 3689 promulgatae
1583 3623 1798 3684 essent,
1828 3623 1886 3670 et
1932 3614 2004 3670 de
2032 3624 2090 3672 te
2117 3624 2176 3671 et
2206 3633 2240 3670 a
2265 3625 2324 3672 te

342 3691 489 3748 latas
510 3690 847 3746 confiterere
868 3711 883 3759 ;
927 3689 1064 3748 cum
1088 3690 1346 3765 auspicia
1377 3710 1580 3768 augur,
1603 3691 2072 3749 intercessionem
2101 3693 2324 3764 consul,

344 3769 670 3826 sustulisses
686 3787 701 3836 ;
746 3765 881 3824 cum
910 3787 1065 3826 esses
1092 3767 1405 3826 foedissime
1449 3770 1688 3847 stipatus
1717 3771 1987 3840 armatis3
2031 3767 2166 3828 cum
2205 3789 2326 3828 om-

344 3867 449 3908 nes
490 3845 847 3924 impuritates
884 3846 1100 3922 pudica
1149 3846 1211 3904 in
1266 3848 1435 3906 domo
1487 3848 1742 3924 quotidie
1797 3848 2140 3926 susciperes,
2193 3849 2326 3906 vino
