2698 4492
322 259 435 319 160
890 257 1165 307 ORATIO
1206 258 1285 307 m
1328 257 1406 307 M.
1449 257 1863 308 ANTONIUM.

414 399 745 459 faciendum
776 420 891 459 uon
918 411 1127 479 potest,
1154 422 1231 459 ne
1274 410 1463 459 metus
1487 401 1722 476 quidem
1769 420 1804 457 a
1847 398 2179 457 foedissimis
2227 399 2398 457 sactis

412 490 600 556 potest
628 499 869 537 avocare
888 482 915 538 Ἰ
994 480 1032 537 J
1038 482 1231 538 udicia
1258 500 1374 538 non
1413 480 1640 537 metuis.
1723 480 1790 537 Si
1815 489 2045 555 propter
2073 480 2399 536 innocenti-

415 577 529 629 am,
556 558 758 616 laudo:
816 559 866 615 si
910 571 1139 635 propter
1166 560 1303 629 vim,
1330 579 1448 617 non
1493 558 1788 635 intelligis,
1829 560 1906 631 ei,
1933 558 2034 633 qui
2077 558 2186 615 isto
2227 559 2397 617 modo

419 637 643 713 judicia
670 657 786 695 non
816 638 1037 709 timeat,
1065 639 1203 713 quid
1232 639 1555 696 timendum
1583 638 1694 695 sit'l

348 719 387 772 5
492 714 676 778 Quod
718 717 767 773 si
796 736 911 775 uon
955 717 1163 775 metuis
1192 718 1339 775 viros
1381 717 1574 787 sortes,
1614 716 1990 793 egregiosque
2034 716 2212 787 cives,
2239 712 2394 791 quod

416 814 451 853 a
479 814 718 871 corpore
758 806 858 853 tuo
896 797 1271 871 prohibentur
1314 796 1514 865 armis;
1563 796 1649 852 tui
1675 806 1754 865 te,
1782 795 1924 852 mihi
1953 796 2148 865 crede,
2179 796 2394 853 diutius

414 893 530 932 non
561 874 762 933 serent.
863 874 1019 936 Quae
1064 887 1154 933 est
1202 884 1394 932 autem
1435 874 1571 944 vita,
1613 874 1740 931 dies
1778 885 1836 931 et
1879 884 2078 931 noctes
2119 874 2320 932 timere
2361 894 2394 931 a

414 953 575 1010 suis?
618 953 730 1011 nisi
759 951 893 1013 vero
920 964 1019 1011 aut
1038 954 1349 1029 majoribus
1377 954 1555 1009 habes
1577 952 1877 1009 beneficiis
1896 953 2198 1029 obligatos,
2219 950 2391 1027 quam

416 1031 513 1089 ille
538 1033 817 1108 quosdam
860 1033 1060 1091 habuit
1098 1053 1173 1091 ex
1212 1034 1301 1103 iis,
1332 1052 1366 1089 a
1405 1032 1613 1106 quibus
1653 1042 1740 1088 est
1769 1032 2138 1101 interfect-iffi
2203 1043 2302 1088 aut
2329 1041 2392 1089 tu
2437 1035 2444 1039 ⁷

318 1108 388 1161 10
416 1130 481 1168 es
528 1112 645 1168 ulla
692 1132 755 1169 re
802 1131 938 1169 cum
986 1132 1057 1169 eo
1099 1112 1537 1187 comparandus,
1623 1110 1760 1167 Fuit
1809 1110 1866 1167 in
1919 1110 2016 1167 illo
2069 1111 2386 1186 ingenium,

415 1190 581 1261 rati0,
608 1191 907 1261 memoria,
948 1191 1149 1261 literae,
1192 1209 1354 1261 cura,
1396 1190 1690 1265 cogitatio,
1733 1189 2066 1265 diligentia:
2124 1209 2216 1245 res
2245 1190 2391 1246 bello

414 1279 693 1344 gesserat,
733 1270 993 1343 quamvis
1032 1269 1366 1343 reipublicae
1408 1268 1791 1338 calamitosaS,
1835 1278 2087 1325 attamen
2115 1286 2388 1343 magnas:

415 1347 627 1403 multos
668 1366 849 1403 annos
895 1366 1139 1423 regnare
1179 1347 1510 1417 meditatuS,
1537 1365 1749 1423 magno
1787 1346 2004 1416 labore,
2031 1347 2260 1423 magnis
2297 1366 2393 1422 pe-

415 1424 636 1496 riculis,
674 1426 827 1500 quod
869 1426 1171 1502 cogitarat,
1212 1426 1519 1483 effecerat:
1589 1425 1943 1495 muneribus,
1985 1426 2392 1495 monumentiS,

318 1507 387 1561 15
418 1503 748 1579 congiariis,
803 1504 1007 1579 epuliS,
1064 1504 1493 1562 multitudinem
1537 1504 1856 1577 imperitam
1912 1504 2192 1561 lenierat:
2261 1524 2392 1561 suos

414 1582 687 1658 praemiis,
741 1583 1097 1641 adversarios
1152 1584 1476 1641 clementiae
1529 1583 1743 1658 specie,
1785 1582 2136 1641 devinxerat.
2227 1584 2391 1646 Quid

416 1661 638 1718 multa}
702 1663 969 1720 attulerat
1013 1662 1133 1738 jam
1175 1662 1372 1719 liberae
1426 1662 1665 1733 civitati,
1705 1661 1912 1737 partim
1955 1672 2146 1733 metu,
2187 1663 2393 1739 partim

414 1739 715 1817 patientia,
744 1742 1225 1799 consuetudinem
1252 1741 1557 1799 serviendi.

496 1819 719 1877 XLVI.
801 1821 952 1878 Cum
997 1822 1093 1878 illo
1132 1840 1243 1897 ego
1296 1830 1353 1877 te
1395 1820 1732 1877 dominandi
1773 1819 2090 1895 cupiditate
2133 1821 2392 1878 conferre

314 1897 389 1951 20
415 1917 681 1973 possum3
729 1900 956 1956 caeteris
1008 1897 1143 1957 vero
1184 1899 1358 1957 rebus
1407 1899 1566 1957 nullo
1617 1900 1787 1955 modo
1838 1918 1904 1955 es
1956 1900 2392 1974 comparandus.

418 1976 558 2047 Sed,
580 1996 653 2033 ex
677 1977 941 2052 plurimis
961 1978 1147 2048 malis,
1162 1997 1290 2052 quae
1320 1978 1512 2035 abillo
1539 1978 1870 2053 reipublicae
1893 1986 2027 2035 suut
2054 1976 2265 2048 inusta,
2285 1980 2395 2035 hoc

418 2064 611 2111 tamen
641 2054 775 2111 boni
802 2066 909 2126 est,
935 2054 1089 2131 quod
1119 2057 1324 2113 didicit
1344 2057 1466 2132 jam
1493 2057 1736 2133 populus
1763 2056 2088 2127 Romanus,
2117 2068 2394 2131 quantum

418 2132 629 2207 cuique
669 2134 951 2205 crederet,
992 2136 1202 2210 quibus
1242 2154 1304 2193 se
1346 2136 1751 2206 committeret,
1801 2154 1834 2191 a
1885 2135 2096 2211 quibus
2148 2146 2378 2193 caveret

417 2210 567 2270 Haec
594 2212 767 2290 igitur
794 2232 909 2272 nou
940 2215 1206 2292 cogitas?
1247 2234 1360 2274 nec
1402 2214 1694 2291 intelligis,
1723 2214 1864 2272 satis
1901 2233 2028 2272 esse
2069 2214 2204 2272 viris
2245 2214 2398 2272 forti·

316 2299 390 2352 25
418 2291 525 2350 bus
552 2293 846 2365 didicisse,
872 2293 1045 2370 quam
1086 2293 1162 2352 sit
1186 2314 1248 2351 re
1287 2295 1614 2370 pulchrum,
1649 2293 1930 2350 beneficio
1967 2305 2215 2369 gratum,
2245 2295 2396 2351 fama

415 2371 745 2447 gloriosum,
768 2384 1076 2449 tyrannum
1102 2374 1410 2431 occidere?
1493 2375 1613 2443 An,
1636 2370 1773 2447 cum
1803 2373 1960 2429 illum
1990 2373 2252 2430 homines
2281 2393 2396 2430 non

417 2450 672 2523 tulerint,
700 2464 758 2510 te
800 2453 1026 2510 ferent?
1107 2453 1389 2510 Certatim
1428 2453 1670 2528 posthac
1714 2449 1884 2528 (mihi
1925 2451 2127 2530 crede)
2173 2453 2243 2508 ad
2286 2453 2398 2510 hoc

416 2547 561 2603 opus
589 2543 883 2602 curretur;
925 2551 1039 2590 nec
1065 2531 1394 2590 occasionis
1421 2531 1658 2588 tarditas
1685 2530 2128 2606 exspectabitur.

497 2609 777 2685 Respice,
804 2631 1019 2686 quaeso,
1050 2612 1358 2688 aliquando
1398 2609 1834 2686 rempublicam,
1865 2608 1949 2666 Μ.
1981 2607 2234 2666 Antoni:
2276 2608 2398 2684 qui-

316 2688 392 2742 30
418 2685 526 2742 bus
564 2699 723 2745 ortus
764 2690 861 2760 siS,
891 2703 1009 2746 non
1048 2692 1396 2764 quibuscum
1437 2689 1614 2759 vivaS,
1657 2689 1997 2746 considera:
2041 2707 2291 2756 mecum,
2332 2698 2398 2744 ut

418 2765 605 2833 voles-3
650 2786 784 2824 cum
826 2768 1125 2842 republica
1166 2770 1291 2825 redi
1333 2769 1394 2825 in
1437 2769 1699 2844 gratiam.
1785 2768 1902 2824 Sed
1943 2767 2016 2824 de
2071 2779 2127 2824 te
2168 2777 2230 2824 tu
2273 2766 2394 2841 ipse

416 2842 661 2900 videris:
725 2863 835 2920 ego
874 2845 947 2902 de
990 2865 1082 2902 me
1123 2847 1247 2920 ipso
1282 2847 1605 2922 profitebor.
1690 2846 1940 2904 Defendi
1983 2845 2396 2921 rempublicam

420 2921 758 2980 adolescens
776 2943 791 2992 3
835 2943 952 2981 non
975 2923 1237 2982 deseram
1254 2945 1466 2983 senex:
1509 2925 1830 3001 contempsi
1849 2925 2118 2982 Catilinae
2141 2925 2394 3001 gladios3

418 3020 537 3058 non
566 3001 971 3076 pertimescam
1002 3012 1147 3060 tuos.
1230 3005 1399 3066 Quin
1427 3006 1603 3062 etiam
1647 3024 1856 3080 corpus
1893 3004 2142 3060 libenter
2181 3003 2399 3060 obtule-

318 3089 390 3144 35
418 3080 547 3152 rim,
586 3080 635 3137 si
677 3082 1074 3157 repraesentari
1116 3094 1297 3140 morte
1339 3085 1471 3141 mea
1512 3084 1747 3140 libertas
1789 3083 2036 3140 civitatis
2075 3092 2292 3157 potest;
2337 3089 2402 3137 ut

420 3161 728 3238 aliquando
756 3161 915 3220 dolor
955 3163 1150 3238 populi
1178 3163 1436 3221 Romani
1476 3163 1682 3238 pariat,
1711 3163 1862 3236 quod
1886 3161 2106 3236 jamdiu
2137 3160 2395 3236 parturit.

418 3239 653 3299 Etenim
696 3241 764 3312 si,
795 3241 1011 3300 abhinc
1053 3260 1235 3300 annos
1274 3240 1452 3317 prope
1495 3241 1720 3317 viginti,
1751 3242 1861 3297 hoc
1903 3241 2026 3316 ipso
2067 3239 2124 3296 in
2168 3239 2400 3314 templo,

418 3322 626 3398 negavi
647 3341 811 3397 posse
830 3337 1071 3379 mortem
1094 3320 1460 3378 immaturam
1482 3339 1610 3376 esse
1627 3319 1917 3376 consulari
1936 3340 1950 3388 ;
1979 3328 2195 3392 quanto
2211 3315 2403 3376 verius

418 3418 580 3458 nunc
598 3401 843 3476 negab0‚
874 3400 1040 3456 seni?
1124 3399 1275 3456 Mihi
1300 3397 1457 3468 vero,
1481 3399 1682 3455 Patres
1704 3397 2055 3473 Conscripti,
2079 3396 2198 3472 jam
2228 3396 2404 3453 etiam

318 3481 391 3536 40
418 3479 669 3554 optanda
711 3499 863 3536 mors
902 3489 1008 3549 est,
1049 3479 1356 3555 perfuncto
1409 3479 1581 3534 rebus
1630 3477 1720 3546 iis,
1762 3496 1904 3551 quas
1961 3476 2202 3549 adeptus
2255 3493 2406 3543 sum,

417 3575 670 3630 quasque
699 3558 869 3629 gessi.
914 3558 1047 3614 Duo
1076 3554 1247 3613 modo
1274 3557 1400 3612 haec
1427 3566 1592 3631 opto:
1636 3574 1837 3624 unum,
1861 3566 1925 3612 ut
1952 3554 2204 3610 moriens
2229 3572 2410 3627 popu-

418 3633 539 3692 lum
582 3633 915 3710 Romanum
958 3636 1203 3692 liberum
1244 3635 1592 3710 relinquam3
1637 3635 1748 3710 hoc
1793 3634 1934 3690 mihi
1977 3633 2161 3707 majus
2189 3631 2409 3694 ‚a'Diis

419 3709 838 3768 immortalibus
858 3713 983 3770 dari
1011 3714 1153 3772 nihil
1182 3723 1398 3792 potest:
1443 3713 1705 3784 alterum,
1728 3723 1794 3770 ut
1819 3712 1900 3770 ita
1925 3712 2136 3787 cuique
2157 3709 2409 3784 eveniat,

420 3799 485 3848 ut
510 3791 583 3846 de
611 3788 911 3864 republica
938 3791 1177 3867 quisque
1204 3802 1508 3849 mereatur.
