2698 4492
753 255 1024 305 ORATIO
1070 255 1208 304 PRO
1256 255 1453 304 LEGE
1494 254 1825 304 MANlLlA.
2296 255 2379 314 53

308 397 579 474 liquerit?
661 399 873 456 Vestra
901 398 1353 456 admurmuratio
1379 397 1538 469 facit,
1563 397 1850 469 Quirites,
1878 406 1943 453 ut
1972 413 2283 473 agnoscere

309 477 640 548 videamini,
669 478 767 553 qui
797 479 921 534 haec
965 477 1240 534 fecerint:
1283 496 1394 552 ego
1436 487 1628 534 autem
1671 477 1963 534 neminem
2011 475 2281 532 nomino:

309 575 487 631 quare
514 557 687 615 irasci
716 556 857 613 mihi
884 574 1056 612 nemo
1094 555 1319 629 poterit,
1347 555 1459 612 nisi
1503 555 1599 644 qui
1646 555 1779 612 ante
1820 556 1894 612 de
1936 574 1999 612 se
2041 553 2285 611 voluerit

312 621 587 692 confiteri.
672 633 895 710 Itaque,
911 643 1136 710 propter
1159 634 1310 690 hanc
1341 633 1637 690 avaritiam
1660 635 2085 710 imperatorum,
2107 651 2285 707 quan-

310 723 400 770 tas
427 705 804 802 calamitateS,
848 711 1195 786 quocunque
1237 721 1472 768 ventum
1518 711 1611 781 sit,
1654 712 1833 770 nostri
1876 711 2164 769 exercitus
2204 709 2284 767 fe-
2346 716 2383 768 5

311 801 460 862 rant,
488 791 618 867 quis
645 791 908 866 ignorat?
990 788 1229 859 Itinera,
1276 809 1403 864 quae
1449 809 1551 865 per
1579 791 1751 848 hosce
1800 809 1979 848 annos
2025 790 2085 846 in
2113 788 2285 849 Italia

309 889 412 945 per
441 889 608 944 agros
636 879 804 942 atque
830 867 1038 944 oppida
1073 867 1287 924 civium
1334 867 1730 925 Romanorum
1768 869 1946 926 nostri
1989 868 2287 942 imperato-

313 967 406 1004 res
426 947 709 1016 fecerunt,
738 945 1158 1003 recordamini:
1199 955 1322 1002 tum
1364 942 1595 1002 facilius
1641 947 1922 1016 statuetis,
1970 946 2107 1020 quid
2138 944 2288 1034 apud

313 1035 540 1082 exteras
565 1024 826 1081 nationes
853 1023 978 1080 fieri
1005 1024 1357 1080 existimetis.
1441 1021 1649 1080 Utrum
1691 1024 1883 1100 plures
1931 1022 2287 1080 arbitramini

311 1123 416 1179 per
444 1103 618 1160 hosce
647 1121 826 1159 annos
851 1101 1097 1159 militum
1124 1112 1439 1160 vestrorum
1468 1101 1643 1158 armis
1683 1102 1931 1160 hostium
1959 1102 2150 1171 urbes,
2194 1120 2287 1171 an,
2318 1107 2387 1162 10

315 1181 590 1252 hiberniS‚
620 1180 904 1238 sociorum
932 1179 1210 1252 civitates,
1239 1200 1367 1238 esse
1414 1179 1671 1238 deletas
1652 1183 1675 1224 Ὗ
1757 1181 1967 1271 Neque
2012 1180 2169 1238 enim
2194 1199 2291 1255 po-

311 1269 424 1317 test
451 1260 766 1317 exercitum
796 1259 844 1316 is
873 1259 1165 1316 continere
1192 1260 1519 1336 imperator,
1548 1259 1647 1335 qui
1694 1279 1757 1317 se
1804 1260 1990 1335 ipsum
2018 1278 2132 1316 non
2154 1278 2289 1316 con-

311 1339 492 1409 tinet;
534 1357 720 1414 neque
749 1357 982 1395 severus
1008 1357 1134 1396 esse
1161 1339 1222 1396 in
1243 1338 1579 1415 judicando,
1608 1339 1705 1415 qui
1736 1337 1877 1396 alios
1920 1338 1980 1396 in
2024 1357 2087 1395 se
2133 1356 2291 1396 seve-

311 1437 404 1476 ros
429 1437 555 1475 esse
577 1417 804 1493 judices
831 1436 946 1474 non
973 1416 1108 1474 vult.

390 1495 512 1554 Hic
553 1496 848 1567 miramur,
897 1496 1056 1552 hunc
1099 1495 1389 1554 hominem
1432 1493 1658 1553 tantum
1701 1496 1983 1554 excellere
2036 1493 2284 1564 caeteris,
2318 1499 2387 1554 15

313 1575 477 1651 cujus
503 1575 761 1650 legiones
787 1574 873 1632 sic
901 1574 962 1632 in
990 1574 1194 1631 Asiam
1219 1584 1621 1649 pervenerunt,
1650 1583 1713 1631 ut
1740 1594 1855 1632 non
1883 1571 2053 1631 modo
2082 1591 2289 1630 manus

312 1653 459 1711 tanti
491 1653 800 1723 exercitfiS,
847 1653 949 1710 sed
993 1671 1068 1710 ne
1117 1653 1421 1729 vestigium
1468 1653 1721 1727 quidem,
1769 1653 2040 1727 cuiquam
2081 1660 2289 1727 pacato

313 1731 580 1788 nocuisse
607 1731 873 1788 dicatur'l
955 1730 991 1787 J
997 1749 1089 1786 am
1123 1729 1282 1800 vero,
1326 1731 1808 1805 quemadmodum
1851 1731 2062 1787 milites
2102 1729 2291 1786 hiber-

312 1819 472 1880 nent,
499 1809 754 1884 quotidie
797 1827 1087 1866 sermones
1131 1828 1201 1866 ac
1241 1808 1423 1866 literae
1464 1809 1842 1884 perferuntur.
1925 1808 1985 1864 N
1988 1828 2062 1865 on
2094 1805 2286 1878 modo,

313 1897 378 1945 ut
419 1897 708 1979 sumptum
756 1887 934 1948 faciat
975 1887 1036 1945 in
1078 1887 1340 1958 militem,
1370 1887 1589 1944 nemini
1632 1887 1717 1943 vis
1762 1887 2027 1956 affertur,
2013 1907 2026 1918 ·
2070 1887 2174 1944 sed
2212 1905 2287 1943 ne
2314 1889 2387 1942 20

313 1967 569 2057 cupienti
621 1966 853 2041 quidem
909 1967 1178 2056 cuiquam
1231 1966 1593 2042 permittitur.
1678 1965 1907 2025 Hiemis
1954 1965 2131 2036 enim,
2172 1983 2288 2022 non

315 2046 587 2115 avaritiae,
613 2045 940 2122 perfugium
967 2045 1210 2120 majores
1251 2045 1430 2103 nostri
1458 2045 1519 2103 in
1566 2045 1851 2103 sociorum
1880 2055 2049 2120 atque
2080 2044 2290 2142 amico-

317 2141 442 2180 rum
470 2124 640 2181 tectis
665 2143 792 2180 esse
821 2123 1135 2182 voluerunt.

393 2201 563 2259 XIV.
632 2202 764 2278 Age
805 2199 962 2273 vero,
1004 2202 1228 2260 caeteris
1269 2202 1329 2261 in
1370 2203 1541 2260 rebus
1580 2201 1737 2278 quali
1776 2201 1851 2259 sit
1889 2199 2287 2277 temperantia,

317 2267 692 2337 considerate.
774 2279 944 2337 Unde
984 2280 1140 2336 illam
1180 2289 1401 2338 tantam
1450 2281 1821 2350 celeritatem,
1850 2289 1908 2336 et
1947 2290 2065 2335 tam
2106 2280 2291 2336 incre-
2314 2280 2387 2335 25

315 2358 554 2415 dibilem
599 2376 832 2414 cursum
877 2358 1170 2414 inventum
1212 2358 1467 2433 putatis‘l
1524 2378 1639 2416 non
1682 2358 1837 2415 enim
1880 2357 2043 2413 illum
2078 2357 2291 2414 eximia

315 2437 402 2493 vis
430 2436 731 2525 remigum,
763 2447 862 2493 aut
891 2454 982 2493 ars
1010 2435 1270 2492 inaudita
1295 2436 1557 2510 quaedam
1598 2435 1979 2511 gubernandi,
2010 2445 2109 2491 aut
2134 2435 2289 2492 venti

315 2515 492 2590 aliqui
521 2514 672 2586 novi,
700 2525 818 2572 tam
857 2514 1120 2572 celeriter
1165 2514 1224 2571 in
1268 2514 1500 2571 ultimas
1539 2523 1721 2572 terras
1758 2514 2145 2589 pertulerunt:
2188 2513 2291 2571 sed

313 2595 402 2651 hae
431 2613 542 2663 τρε,
571 2613 697 2667 quae
746 2603 982 2650 caeteros
1028 2594 1299 2650 remorari
1322 2588 1547 2663 solent,
1576 2613 1692 2651 non
1735 2592 2131 2650 retardarunt:
2172 2611 2288 2650 non

313 2672 554 2730 avaritia
583 2672 655 2728 ab
684 2672 944 2729 instituto
971 2691 1142 2728 cursu
1173 2673 1245 2728 ad
1271 2672 1523 2761 praedam
1553 2671 1801 2748 aliquam
1829 2670 2143 2743 devocavit,
2172 2691 2287 2729 non
2312 2671 2385 2725 30

311 2751 491 2808 libido
525 2752 597 2807 ad
643 2750 1009 2826 voluptatem,
1047 2769 1160 2807 non
1207 2750 1508 2807 amoenitas
1553 2752 1626 2807 ad
1669 2749 2130 2821 delectationem,
2172 2770 2287 2809 non

310 2830 580 2887 nobilitas
623 2830 780 2887 urbis
825 2830 897 2886 ad
941 2828 1345 2917 cognitionem,
1396 2849 1509 2886 non
1554 2829 1802 2905 denique
1848 2828 2007 2886 labor
2050 2830 2171 2906 ipse
2213 2830 2285 2887 ad

309 2908 595 2982 quietem;
636 2905 944 2984 postremo,
987 2908 1172 2983 signa,
1202 2918 1261 2964 et
1305 2908 1550 2978 tabulas,
1581 2918 1903 2983 caeteraque
1948 2919 2288 2967 ornamenta

310 2987 648 3043 Graecorum
674 2987 1028 3063 oppidorum,
1057 3005 1182 3063 quae
1229 2986 1423 3043 caeteri
1466 2988 1718 3044 tollenda
1760 3006 1887 3045 esse
1916 2978 2283 3058 arbitrantur,

309 3083 382 3121 ea
427 3065 537 3122 sibi
585 3066 681 3122 ille
723 3085 798 3123 ne
841 3064 1078 3121 visenda
1119 3064 1351 3139 quidem
1398 3065 1758 3122 existimavit.
1842 3065 2045 3141 Itaque
2084 3083 2285 3124 omnes
2309 3062 2381 3119 35

308 3143 542 3217 quidem
584 3163 742 3201 nunc
770 3144 831 3201 in
877 3142 966 3199 his
993 3142 1136 3199 locis
1179 3142 1289 3200 Cn.
1319 3142 1674 3219 Pompeium,
1704 3145 1855 3201 sicut
1893 3145 2137 3219 aliquem
2168 3163 2283 3201 non

309 3240 382 3279 ex
411 3222 522 3278 hac
548 3223 690 3279 urbe
719 3222 976 3291 missum,
1007 3220 1107 3277 sed
1136 3222 1208 3279 de
1236 3221 1385 3279 coelo
1410 3222 1725 3297 delapsum,
1756 3222 2081 3280 intuentur:
2124 3240 2285 3279 nunc

309 3299 558 3375 denique
613 3300 898 3375 incipiunt
963 3300 1218 3370 credere,
1275 3300 1452 3356 fuisse
1505 3300 1765 3357 homines
1818 3300 2117 3357 Romanos
2171 3300 2284 3357 hac

306 3378 595 3454 quondam
641 3377 1020 3447 abstinentia,
1006 3398 1020 3411 ·
1062 3379 1212 3454 quod
1251 3378 1371 3453 jam
1410 3378 1741 3435 nationibus
1782 3378 1991 3435 exteris
2039 3378 2284 3436 incredi-

307 3458 442 3529 bile,
474 3476 544 3516 ac
588 3457 730 3515 falso
775 3456 1064 3515 memoriae
1105 3456 1411 3532 proditum,
1442 3455 1756 3512 videbatur.
1838 3454 2018 3517 Nunc
2059 3456 2281 3532 imperii
2308 3454 2379 3509 40

305 3537 480 3594 vestri
534 3536 797 3633 splendor
855 3536 968 3593 illis
1008 3535 1278 3611 gentibus
1315 3533 1511 3591 lucet:
1566 3553 1725 3590 nunc
1778 3532 2125 3611 intelligunt,
2166 3556 2281 3594 non

305 3616 432 3673 sine
460 3614 637 3673 causa
679 3614 925 3691 majores
965 3632 1098 3671 suos
1139 3624 1284 3683 tum,
1333 3630 1471 3669 cum
1514 3612 1627 3670 hac
1669 3614 2046 3688 temperantia
2074 3616 2283 3691 magis·

306 3704 488 3751 tratus
530 3693 904 3765 habebamus,
946 3692 1158 3750 servire
1205 3690 1413 3767 populo
1457 3690 1745 3763 Romano,
1786 3690 1961 3768 quam
2000 3693 2281 3769 imperare

306 3772 454 3843 aliis,
483 3771 771 3829 maluisse.
779 3850 820 3905 5
838 3849 873 3882 a*
