2698 4492
327 281 442 343 72-
955 280 1228 331 ORATIO
1273 281 1413 332 PRO
1456 281 1524 341 Q.
1570 281 1891 333 LIGARIO.

506 423 678 494 Vide,
705 442 916 500 quoeso,
957 423 1215 496 Tubero,
1249 433 1332 497 ut,
1378 425 1579 500 quide
1622 443 1755 486 meo
1794 427 1949 485 facto
1988 447 2105 486 non
2147 427 2411 488 dubitem

426 502 642 572 dicere,
671 503 745 560 de
789 503 1007 580 Ligarii
1051 523 1166 562 non
1212 505 1457 561 audeam
1500 504 1777 564 confiteri.
1862 508 2058 580 Atque
2096 507 2221 565 haec
2248 527 2413 584 prop-

425 591 586 638 terea
625 582 698 639 de
726 601 819 640 me
846 582 985 652 dixi,
1017 592 1078 638 ut
1124 582 1267 640 mihi
1310 583 1569 654 Tubero,
1616 582 1751 641 cum
1780 584 1853 640 de
1900 604 1963 642 se
2003 585 2208 642 eadem
2250 588 2412 644 dice-

425 679 568 730 rem,
625 660 980 737 ignosceret:
1043 661 1208 737 cujus
1249 680 1360 738 ego
1402 661 1696 720 industriae
1740 662 2049 739 gloriaeque
2090 663 2271 733 faveo,
2314 665 2404 723 vel

360 747 398 802 5
424 748 649 814 propter
714 740 1086 815 propinquam
1142 741 1566 816 cognationem,
1621 741 1710 799 vel
1764 740 1920 814 quod
1987 741 2111 818 ejus
2171 743 2407 820 ingenio

425 816 744 892 studiisque
771 819 1044 898 delector,
1073 817 1162 876 vel
1206 816 1364 894 quod
1408 819 1640 877 laudem
1686 819 2065 877 adolescentis
2103 823 2403 897 propinqui

425 896 690 954 existimo
715 897 890 954 etiam
929 896 1002 954 ad
1029 915 1224 955 meum
1267 898 1517 974 aliquem
1564 898 1814 955 fructum
1858 899 2197 961 redundare.
2284 901 2403 957 Sed

425 975 536 1032 hoc
578 994 789 1050 quaero,
817 976 948 1050 quis
987 985 1148 1052 putet
1189 995 1316 1034 esse
1365 977 1605 1046 crimen,
1657 976 1833 1046 fuisse
1880 978 1941 1034 in
1986 978 2189 1034 Africa
2232 978 2404 1054 Liga-

425 1053 616 1112 rium'l
695 1054 923 1131 Nempe
966 1055 1034 1126 is,
1078 1055 1176 1129 qui
1221 1065 1279 1114 et
1307 1055 1427 1131 ipse
1476 1055 1535 1113 in
1563 1055 1766 1113 eadem
1812 1056 2017 1113 Africa
2053 1075 2178 1113 esse
2205 1057 2401 1126 voluit,

327 1137 398 1192 10
425 1143 485 1190 et
521 1133 868 1209 prohibitum
896 1153 959 1192 se
1007 1153 1042 1190 a
1083 1134 1320 1210 Ligario
1364 1134 1640 1209 queritur,
1670 1143 1727 1191 et
1770 1133 1927 1191 certe
1972 1146 2173 1192 contra
2216 1135 2400 1209 ipsum

426 1211 718 1269 Caesarem
746 1222 832 1270 est
860 1231 1200 1289 congressus
1238 1223 1506 1270 armatus.
1588 1213 1755 1274 Quid
1802 1213 1977 1283 enim,
2007 1213 2263 1283 Tuber0,
2307 1214 2405 1270 de-

427 1291 658 1348 strictus
704 1291 800 1347 ille
841 1300 974 1347 tuus
1017 1290 1076 1347 in
1126 1285 1631 1349 acie'Pharsalica
1678 1291 1905 1368 gladius
1935 1293 2180 1368 agebat?
2236 1292 2402 1367 cujus

447 1376 576 1424 atus
617 1367 714 1424 ille
759 1387 960 1426 mucro
984 1370 1262 1444 petebat?
1301 1371 1399 1444 qui
1429 1390 1630 1428 sensus
1657 1379 1781 1427 erat
1820 1389 2104 1427 armorum
2131 1372 2401 1428 tuorum?

425 1464 553 1521 quae
596 1455 697 1502 tua
743 1448 949 1504 mens?
1006 1448 1202 1524 oculi?
1245 1451 1494 1507 manus?
1552 1450 1718 1506 ardor
1760 1449 1978 1504 animi?
2031 1449 2169 1522 quid
2212 1448 2405 1523 cupie-

327 1527 397 1582 15
427 1525 572 1580 bas‘l
615 1524 752 1598 quid
787 1525 1067 1600 optabas?
1121 1526 1317 1584 Nimis
1360 1547 1573 1604 urgeo:
1618 1527 1963 1584 commoveri
2006 1528 2245 1584 videtur·
2274 1528 2405 1584 ado-

424 1603 684 1661 lescens:
729 1603 802 1660 ad
829 1623 922 1661 me
951 1615 1234 1663 revertar:
1279 1606 1484 1663 iisdem
1514 1606 1572 1663 in
1604 1606 1777 1662 armis
1806 1605 1907 1663 fui.

506 1681 612 1740 IV.
667 1681 835 1743 Quid
879 1693 1071 1740 autem
1121 1684 1277 1763 aliud
1321 1685 1565 1761 egimus,
1596 1685 1835 1741 Tubero
1874 1683 2005 1754 nisi,
2036 1693 2101 1740 ut
2126 1685 2277 1757 quod
2305 1684 2404 1742 hic
2445 1685 2503 1780 ἦ.

422 1771 628 1837 potest,
681 1781 786 1820 nos
849 1765 1184 1838 possemus?
1261 1763 1531 1824 Quorum
1586 1763 1759 1838 igitur
1814 1763 2141 1838 impunitae,
2185 1763 2401 1834 Caesar,

425 1849 540 1898 tuae
569 1841 890 1899 clementiae
935 1842 1062 1899 laus
1105 1852 1212 1912 est,
1249 1861 1449 1900 eorum
1493 1843 1741 1918 ipsorum
1787 1841 1858 1898 ad
1903 1841 2302 1898 crudelitatem
2348 1852 2404 1899 te

325 1924 398 1980 20
428 1929 599 1976 acuet
624 1920 846 1977 oratio?
902 1921 1098 1995 Atque
1125 1921 1186 1978 in
1215 1921 1328 1978 hac
1366 1920 1543 1978 causa
1585 1919 1845 1977 nonnihil
1889 1920 2177 1992 equidem,
2208 1919 2407 1978 Tube-

426 2017 509 2066 r0‚
538 1998 712 2054 etiam
740 2007 919 2069 tuam,
949 1999 1048 2054 sed
1078 1997 1258 2055 multo
1303 1999 1489 2074 magis
1532 1999 1710 2073 patris
1736 1999 1841 2069 tui,
1868 1998 2231 2074 prudentiam
2260 1998 2407 2078 desi-

427 2075 596 2144 dero;
639 2073 796 2149 quod
839 2076 1025 2146 hom0,
1055 2073 1192 2133 cum
1240 2077 1475 2153 ingenio
1515 2087 1638 2134 tum
1668 2078 1858 2135 etiam
1905 2077 2166 2134 doctrina
2219 2077 2406 2134 excel-

427 2153 573 2224 lens,
602 2172 788 2230 genus
814 2154 924 2211 hoc
953 2172 1143 2212 causae
1171 2156 1322 2228 quod
1349 2165 1519 2226 esset,
1548 2175 1663 2213 non
1690 2155 1929 2214 viderit:
1973 2174 2130 2226 nam,
2160 2155 2208 2212 si
2237 2126 2462 2212 vidis-⁴*

429 2242 536 2304 set,
564 2232 763 2309 quovis
786 2231 1064 2308 profecto,
1093 2231 1267 2311 quam
1297 2234 1405 2293 isto
1432 2234 1619 2307 mod0,
1650 2254 1683 2293 a
1707 2245 1767 2292 >te
1797 2234 1891 2312 agi
1918 2234 2229 2292 maluisset.
2378 2228 2455 2303 «μ

326 2320 399 2375 25
510 2312 728 2390 Arguis
756 2313 1046 2371 fatentem.
1130 2312 1266 2372 Non
1293 2324 1383 2372 est
1424 2314 1578 2371 satia.
1664 2316 2116 2384 Accusas-eum,
2144 2313 2242 2388 qui
2272 2332 2405 2371 cau-

429 2410 553 2449 sam
596 2393 788 2463 habet,
819 2402 937 2462 aut,
966 2402 1030 2449 ut
1075 2412 1185 2469 ego
1231 2393 1383 2463 dico,
1411 2394 1705 2451 meliorem
1751 2390 1925 2469 quam
1971 2401 2053 2463 tu,
2086 2402 2202 2462 aut,
2232 2402 2295 2449 ut
2341 2401 2403 2449 tu

428 2471 532 2541 viS,
577 2490 789 2546 parem.
874 2471 1023 2528 Haec
1068 2491 1181 2530 non
1227 2471 1397 2530 modo
1443 2472 1730 2529 mirabilia
1782 2481 1947 2540 sunt3
2006 2472 2107 2528 sed
2158 2471 2403 2547 prodigii

429 2549 616 2607 simile
643 2560 749 2621 est,
778 2552 928 2626 quod
957 2551 1166 2608 dicam.
1250 2550 1387 2609 Non
1434 2552 1607 2608 habet
1635 2569 1765 2607 eam
1793 2551 1907 2607 vim
1951 2550 2061 2607 ista
2089 2551 2400 2619 accusatio,
2482 2596 2485 2599 .

429 2638 494 2684 ut
543 2628 624 2689 Q.
672 2629 941 2705 Ligarius
996 2629 1431 2700 condemnetur,
1486 2630 1586 2687 sed
1642 2639 1704 2686 ut
1758 2640 2013 2686 necetur.
2098 2628 2231 2685 Hoc
2284 2628 2401 2705 egit

327 2712 399 2767 ³0
430 2706 573 2762 civis
624 2706 928 2763 Romanus
982 2717 1114 2763 ante
1167 2717 1226 2763 te
1271 2726 1457 2765 nemo.
1556 2707 1796 2765 Externi
1851 2708 1944 2764 isti
1998 2716 2131 2763 sunt
2183 2725 2399 2784 mores:

429 2802 609 2859 usque
639 2785 711 2841 ad
739 2784 1080 2859 sanguinem
1110 2785 1340 2842 incitari
1385 2786 1527 2843 solet
1568 2787 1765 2843 odium
1812 2796 1910 2851 aut
1935 2785 2147 2842 levium
2174 2786 2401 2843 Graeco-

429 2880 576 2934 rum,
627 2871 726 2918 aut
780 2862 1118 2919 immanium
1175 2864 1561 2922 barbarorum.
1644 2864 1801 2921 Nam
1855 2865 1994 2938 quid
2039 2864 2194 2921 aliud
2240 2864 2399 2940 agis?

429 2950 492 2997 ut
519 2940 725 2997 Romae
752 2960 826 2997 ne
855 2940 968 2998 sit?
1012 2951 1075 2998 ut
1103 2942 1270 3000 domo
1298 2944 1534 3000 careat'!
1577 2964 1651 3001 ne
1680 2963 1811 3000 cum
1858 2943 2085 3019 optimis
2114 2944 2398 3014 fratribuS,

429 3038 504 3075 ne
552 3037 686 3076 cum
733 3020 843 3077 hoc
891 3019 966 3077 Τ.
1017 3020 1297 3092 BrocchO,
1329 3022 1613 3079 avunculo
1659 3042 1781 3093 suo,
1809 3042 1883 3080 ne
1928 3040 2062 3079 cum
2098 3022 2222 3097 ejus
2266 3022 2398 3093 filio,

326 3100 398 3155 35
430 3098 770 3156 consobrino
797 3117 919 3169 su0,
948 3119 1023 3157 ne
1050 3099 1373 3171 nobiscum,
1401 3101 1591 3158 vivat?
1636 3120 1711 3158 ne
1740 3102 1812 3157 sit
1849 3102 1907 3158 in
1934 3100 2160 3177 patria?
2243 3100 2301 3157 N
2306 3120 2423 3157 um·

429 3179 555 3235 est?
609 3196 749 3235 num
800 3188 986 3254 potest
1037 3178 1222 3254 magis
1277 3198 1477 3237 carere
1520 3180 1609 3237 his
1649 3180 1933 3250 omnibuS,
1982 3177 2155 3253 quam
2200 3180 2397 3236 caret‘!

428 3256 601 3315 Italia
629 3257 979 3333 prohibetur,
1008 3258 1246 3315 exsulat.
1330 3257 1467 3316 Non
1496 3268 1557 3316 tu
1586 3278 1723 3335 ergo
1750 3259 1906 3315 hunc
1947 3258 2132 3333 patria
2158 3258 2399 3332 privare,

427 3337 542 3411 quii
585 3347 764 3408 caret,
809 3337 910 3394 sed
957 3337 1095 3409 vita,
1124 3336 1226 3394 vis,
1311 3338 1395 3394 At
1422 3337 1593 3408 istud,
1649 3356 1723 3395 ne
1780 3337 1929 3411 apud
1983 3355 2114 3393 eum
2169 3337 2401 3411 quidem
2434 3327 2485 3399 —l

429 3415 788 3487 dictatorem,
833 3416 930 3491 qui
973 3435 1191 3486 omneS,
1234 3436 1376 3490 quos
1421 3417 1639 3486 oderat,
1677 3424 1858 3473 morte
1901 3415 2199 3484 multabat,
2254 3415 2403 3489 quis-

327 3504 400 3559 4ο
429 3512 601 3566 quam
629 3496 748 3571 egit
777 3495 884 3552 isto
909 3496 1092 3553 modo.
1175 3494 1308 3571 Ipse
1329 3496 1569 3571 jubebat
1610 3493 1819 3564 occidi,
1850 3493 2007 3551 nullo
2048 3493 2400 3569 postulante:

428 3572 677 3647 praemiis
704 3573 877 3629 etiam
908 3573 1200 3630 invitabat.
1280 3573 1436 3635 Quae
1464 3584 1659 3630 tamen
1706 3573 2035 3643 crudelitaS,
2066 3572 2138 3629 ab
2181 3572 2401 3643 eodem,

433 3648 644 3723 aliquot
699 3649 866 3708 annis
915 3650 1064 3726 post,
1119 3670 1291 3727 quem
1344 3671 1503 3710 nunc
1550 3652 1843 3709 crudelem
1897 3670 2023 3709 esse
2076 3650 2181 3723 via,
2225 3647 2403 3708 vindi·

433 3738 566 3784 cata
591 3736 695 3785 est.
