2698 4492
281 306 358 364 16
811 306 1083 358 ORATIO
1125 306 1194 356 11.
1239 307 1316 356 IN
1361 306 1424 356 L.
1458 306 1883 358 CATILINAM.

371 447 530 524 rique
551 447 866 524 jactantur,
895 448 945 506 si
989 467 1196 524 aquam
1237 449 1491 525 gelidam
1538 449 1808 522 biberint,
1852 449 2040 528 primo
2082 451 2322 510 relevari

373 527 654 597 videntur,
679 527 888 584 deinde
911 525 1090 585 multo
1118 525 1348 604 gravius
1391 527 1897 606 vehementiusque
1940 530 2283 588 afflictantur
2306 551 2321 601 ;

369 605 458 662 sic
486 606 582 662 hic
609 605 860 672 morbus,
877 605 975 681 qui
995 616 1084 663 est
1101 606 1162 663 in
1188 606 1507 681 republica,
1527 605 1813 666 relevatus
1834 609 1999 666 istius
2016 609 2211 686 poena,
2230 629 2324 666 ve-

373 681 722 753 hementiuS,
752 684 894 741 vivis
920 683 1174 759 reliquiS,
1204 684 1587 761 ingravescet.

307 762 344 816 5
448 762 674 833 Quare,
705 762 904 820 Patres
933 761 1281 838 Conscripti,
1311 763 1587 820 secedant
1615 763 1859 840 improbi
1874 784 1891 835 3
1934 776 2319 824 secernantse

373 859 408 898 a
438 841 601 898 bonis
618 860 632 910 ;
677 860 860 898 unum
899 841 960 898 in
988 841 1182 898 locum
1209 851 1674 918 congregentur;
1716 861 1882 901 muro
1928 843 2175 920 denique
2208 845 2315 920 (id,

370 920 523 994 quod
551 939 700 995 saepe
723 919 845 996 jam
873 919 1020 998 dixi)
1051 931 1427 978 secernantur
1458 939 1491 978 a
1518 920 1724 978 nobis:
1765 921 2034 980 desinant
2061 923 2319 982 insidiari

371 998 527 1056 domi
553 1015 670 1056 suae
700 999 941 1071 consuli,
971 999 1346 1057 circumstare
1367 999 1617 1056 tribunal
1644 1001 1900 1076 praetoris
1926 1001 2151 1072 urbani,
2172 1002 2322 1061 obsi-

371 1076 508 1134 dere
535 1094 668 1133 cum
689 1078 897 1154 gladiis
917 1077 1158 1148 curiam,
1181 1077 1473 1135 malleolos
1492 1087 1551 1134 et
1572 1077 1728 1136 faces
1750 1080 1823 1136 ad
1850 1079 2319 1139 inflammandam

275 1151 342 1204 10
371 1155 571 1212 urbem
599 1175 963 1231 comparare:
1006 1157 1080 1214 sit
1107 1156 1355 1230 denique
1383 1155 1720 1230 inscriptum
1748 1157 1809 1214 in
1837 1158 2020 1215 fronte
2047 1158 2320 1216 uniuscu-

379 1232 604 1308 jusque,
626 1234 764 1308 quid
785 1235 857 1291 de
877 1232 1173 1309 republica
1193 1233 1419 1290 sentiat.
1489 1232 1771 1292 Pollicear
1792 1235 1902 1291 hoc
1922 1236 2100 1305 vobis,
2117 1235 2318 1294 Patres

370 1311 716 1386 conscripti,
744 1320 964 1368 tantam
988 1311 1051 1368 in
1079 1310 1244 1368 nobis
1270 1310 1603 1368 consulibus
1630 1311 1749 1368 fore
1788 1312 2167 1388 diligentiam,
2194 1324 2319 1372 tan-

369 1397 488 1445 tam
515 1389 575 1449 in
604 1389 764 1446 vobis
791 1389 1208 1459 auctoritatem,
1237 1398 1457 1445 tantam
1486 1387 1547 1446 in
1574 1389 1863 1464 equitibus
1901 1389 2185 1448 Romanis
2210 1393 2319 1450 vir-

369 1474 570 1538 tutem,
600 1475 818 1523 tantam
845 1467 906 1524 in
945 1467 1211 1525 omnibus
1249 1467 1415 1524 bonis
1455 1467 1908 1538 consensionem,
1938 1479 2019 1538 ut,
2046 1467 2316 1532 Catilinae

275 1539 341 1592 15
367 1544 738 1620 profectione,
765 1545 960 1604 omnia
996 1545 1304 1622 patefacta,
1349 1545 1650 1618 illustrata,
1690 1565 1975 1623 oppressa,
2002 1546 2314 1622 vindicata,

369 1641 496 1680 esse
523 1622 781 1680 videatis.
1697 1629 1703 1635 ‘

447 1701 632 1759 Hisce
657 1700 965 1773 ominibuS,
995 1701 1268 1773 Catilina,
1298 1721 1433 1760 cum
1460 1701 1684 1762 summa
1706 1701 2034 1779 reipublicae
2056 1703 2239 1762 salute
2258 1714 2315 1763 et

369 1799 504 1838 cum
530 1779 630 1838 tua
656 1789 816 1856 peste
845 1799 914 1838 ac
932 1780 1208 1857 pernicie,
1231 1799 1479 1857 cumque
1500 1800 1695 1840 eorum
1717 1781 1893 1841 exitio
1910 1781 2009 1858 qui
2036 1801 2099 1840 se
2120 1792 2315 1840 tecum

365 1859 524 1916 omni
551 1859 769 1916 scelere
793 1859 1213 1934 parricidioque
1235 1859 1567 1934 junxerunt,
1588 1859 1953 1935 proficiscere
1976 1861 2048 1917 ad
2076 1861 2313 1936 impium

267 1941 340 1996 20
369 1936 583 1994 bellum
612 1956 682 1994 ac
720 1937 1021 1994 nefarium.
1104 1937 1264 1995 Tum
1291 1946 1375 2008 tu,
1424 1936 1669 2014 Jupiter,
1712 1937 1812 2013 qui
1857 1938 2082 2008 iisdem,
2110 1939 2317 2013 quibus

370 2013 495 2072 haec
521 2014 678 2086 urbS,
709 2015 979 2090 auspiciis
1009 2035 1042 2072 a
1061 2015 1316 2073 Romulo
1337 2035 1400 2073 es
1421 2016 1763 2073 constitutus
1786 2035 1801 2084 ;
1843 2034 2013 2091 quem
2032 2016 2316 2073 Statorem

367 2092 538 2168 hujus
577 2093 736 2149 urbis
777 2103 946 2168 atque
992 2093 1217 2168 imperii
1263 2091 1399 2151 vere
1446 2093 1843 2168 nominamus3
1902 2094 2057 2150 hunc
2103 2103 2163 2150 et
2216 2095 2319 2151 hu-

375 2170 470 2246 jus
510 2171 695 2228 socios
724 2189 759 2228 a
797 2171 912 2228 tuis
941 2171 1054 2228 aris
1081 2171 1417 2245 caeterisque
1457 2171 1701 2246 templiS,
1752 2189 1787 2228 a
1830 2171 2000 2228 tectis
2046 2172 2205 2229 urbis
2246 2191 2317 2230 ac

366 2250 672 2321 moenibus,
703 2269 738 2307 a
763 2250 882 2309 vita.
911 2250 1262 2325 fortunisque
1283 2250 1499 2307 civium
1518 2250 1794 2321 omnium,
1819 2250 2075 2308 arcebis:
2116 2260 2176 2308 et
2200 2270 2318 2312 om-

266 2331 339 2385 25
366 2348 471 2387 nes
497 2329 762 2387 inimicos
801 2330 1096 2399 bonorum,
1139 2329 1328 2386 hostes
1366 2328 1880 2405 patriae,‚latrones‘
1907 2328 2111 2401 Italiae,
2140 2330 2318 2387 scele-

366 2426 494 2465 rum
523 2408 736 2485 soedere
765 2408 920 2465 inter·
939 2427 1002 2465 se
1031 2426 1101 2465 ac
1127 2405 1351 2466 nefaria
1390 2406 1665 2476 societate
1706 2406 2059 2484 conjunctos,
2088 2408 2317 2467 aeternis

365 2486 661 2562 suppliciis
689 2486 843 2545 vivos
869 2496 1230 2561 mortuosque
1257 2485 1555 2543 mactabis

1025 2867 1483 2949 ORATIO
1552 2868 1667 2948 ΙΙ.

827 3208 940 3283 L.
1013 3211 1847 3287 CATILINAM.

451 3504 499 3562 I.
567 3504 847 3564 TANDEM
893 3507 1217 3583 aliquando,
1244 3507 1532 3579 Quirites,
1572 3508 1639 3565 L.
1670 3506 2005 3578 Catilinam,
2034 3507 2318 3565 fiii-entem

373 3582 639 3654 audacia,
667 3584 856 3641 scelus
901 3586 1284 3656 anhelantem,
1310 3596 1530 3661 pestem
1574 3586 1772 3661 patriae
1819 3584 2039 3643 nefarie
2086 3586 2323 3644 molien-

273 3664 344 3720 30
372 3670 508 3732 tem,
537 3660 698 3719 vobis
725 3671 893 3737 atque
919 3663 1058 3721 huic
1085 3664 1216 3722 urbi
1259 3665 1471 3721 ferrum
1499 3663 1901 3738 flammamque
1936 3663 2320 3733 minitantem,

373 3758 446 3797 ex
471 3740 614 3797 urbe
641 3739 727 3797 vel
757 3740 1052 3815 ejecimus,
1081 3743 1170 3800 vel
1199 3742 1515 3812 emisimus,
1544 3739 1653 3810 vel,
1682 3741 1867 3815 ipsum
1908 3741 2321 3817 egredientem,

373 3818 561 3876 verbis
575 3818 862 3895 prosecuti
879 3838 1092 3878 sumus,
1176 3819 1362 3892 Abiit,
1384 3818 1650 3890 excessit,
1672 3819 1871 3892 evasit,
1894 3819 2096 3896 erupit.
2177 3818 2238 3876 N
2240 3818 2324 3877 ul-
